1898 3104
915 175 969 213 20

172 311 333 361 quarta.
391 307 735 357 Fragmentorum
773 309 911 347 autem
940 305 1292 347 Peirescianorum
1328 306 1513 348 ordinem
1553 307 1587 348 si
1618 318 1712 349 con·

171 378 360 431 sulimus,
389 375 492 419 nihil
511 379 690 430 apparet
718 375 797 418 nisi
824 374 1018 429 ponenda
1045 387 1135 419 esse
1163 387 1270 419 excc.
1293 379 1358 420 86.
1387 380 1439 421 87
1467 376 1509 420 in
1537 376 1712 421 historia

172 452 249 491 aut
286 448 383 489 anni
426 450 503 488 159
545 468 598 475 —
649 457 759 487 anno
800 449 879 487 160
927 447 1142 498 quominus
1195 447 1450 500 tribuamus,
1511 448 1714 489 Vaticana

174 520 410 562 obstant—
430 521 503 560 aut
523 516 621 559 anni
644 518 734 570 158,
766 516 864 569 quia
894 528 979 559 exc.
1004 519 1056 559 88
1085 522 1137 568 (c.
1158 516 1241 570 23),
1268 522 1470 570 quantum
1499 517 1714 561 diiudicari

173 590 287 642 licet,
316 588 368 630 ad
396 599 435 629 a.
467 590 544 628 158
574 585 718 628 referri
747 586 874 627 debet
893 586 975 641 ¹⁸).
1031 587 1092 627 De
1120 597 1228 628 anno
1260 590 1336 628 157
1362 587 1441 629 hac
1468 600 1632 642 quoque
1660 588 1714 630 de

173 672 298 703 causa
326 659 498 711 cogitari
528 670 610 699 non
630 661 783 710 potest.
823 657 977 700 Eodem
999 658 1118 709 enim,
1148 669 1228 710 quo
1246 657 1477 712 frr.Peirr.‚
1505 658 1712 703 excc.VV.

176 733 268 773 145.
300 731 376 771 146
406 729 457 782 (c.
479 728 575 782 20a)
605 731 809 782 spectant,
840 728 881 770 id
909 728 1021 790 quod
1050 739 1082 770 c.
1113 730 1179 770 21.
1207 740 1274 782 pp.
1294 732 1399 771 1-—4
1424 729 1567 783 procul
1590 728 1715 773 dubio

173 801 332 843 docent.
389 800 476 841 Iam
505 811 680 852 sequens
710 811 797 841 exc.
829 799 924 841 Vat.
960 792 1193 852 147,‘quod
1224 800 1364 841 nescio
1393 812 1487 852 qua·
1510 800 1561 842 de
1588 812 1715 843 causa

172 870 388 913 Bekkerus
426 882 533 911 anno
566 872 642 911 154
679 870 828 911 tribuit
866 873 908 912 et
943 881 1029 922 cap.
1064 872 1139 911 l2a
1173 869 1267 912 libri
1303 869 1485 912 XXXIII
1522 870 1716 923 exhibuit,

173 945 338 982 constat
376 940 431 981 ad
474 952 511 981 a.
546 943 623 980 157
667 939 880 981 historiam
912 939 1165 992 Capadociae
1208 940 1415 992 pertinere
1435 943 1516 987 ¹⁰).
1586 940 1716 983 Simul

173 1023 272 1054 vero
314 1014 487 1064 apparet
532 1023 582 1052 ex
621 1022 687 1064 pp.
719 1013 754 1052 2.
788 1012 810 1052 3
856 1009 979 1065 (quas
1006 1022 1133 1063 supra
1169 1010 1321 1063 attuli),
1357 1011 1396 1053 in
1438 1010 1516 1053 hoc
1546 1022 1655 1053 anno
1690 1023 1717 1053 a

175 1087 372 1125 consueta
406 1082 568 1123 ratione
606 1081 665 1122 ita
704 1081 914 1134 Polybium
956 1082 1195 1134 recessisse,
1246 1086 1291 1123 ut
1327 1094 1393 1123 res
1432 1082 1715 1135 Cappadociae

173 1154 278 1207 illis,
305 1164 411 1207 quae
449 1152 492 1194 in
522 1152 698 1195 Graecia
726 1151 982 1202 acciderunt,
1024 1155 1316 1205 praeponeret.
1371 1151 1484 1206 Ergo
1522 1152 1558 1195 si
1594 1152 1649 1195 ad
1679 1164 1716 1195 a.

178 1229 254 1267 157
291 1224 378 1265 VV.
422 1228 512 1265 145.
558 1226 634 1265 146
677 1226 935 1275 spectarent,
978 1226 1090 1264 certe
1134 1222 1211 1264 hoc
1240 1234 1339 1274 exc.,
1380 1223 1490 1275 quod
1529 1228 1595 1265 est
1626 1226 1715 1275 147,

175 1297 447 1348 sequerentur
471 1305 637 1335 necesse
659 1296 781 1334 esset.
845 1291 946 1334 Cum
974 1291 1241 1344 antecedant,
1271 1292 1324 1333 ad
1353 1292 1532 1345 priorem
1559 1304 1715 1334 annum

176 1366 328 1407 debent
340 1363 497 1406 referri.
527 1364 732 1416 Equidem
747 1367 923 1415 utraque
934 1363 1004 1404 frr.
1016 1363 1068 1404 ad
1088 1375 1125 1404 a.
1138 1363 1217 1404 159
1237 1363 1400 1414 conieci,
1429 1374 1522 1404 cum
1541 1375 1715 1415 parvum

174 1436 284 1477 inter
314 1434 516 1487 Charopis
545 1434 697 1476 itinera
724 1432 986 1475 intervallum
1015 1431 1249 1485 ponendum
1280 1444 1369 1474 esse
1398 1444 1617 1475 censerem.

286 1505 422 1547 Medio
452 1517 560 1546 anno
590 1507 668 1545 158
698 1504 874 1545 vidimus
904 1503 1166 1545 Ariarathem
1192 1515 1318 1556 regno
1348 1503 1513 1556 pulsum
1544 1504 1715 1545 Romam

174 1577 360 1627 venisse,
398 1580 441 1616 et
480 1575 649 1616 ineunte
687 1586 797 1615 anno
829 1577 905 1615 157
940 1573 983 1615 in
1028 1576 1179 1615 senatu
1205 1572 1255 1614 de
1285 1572 1546 1625 Cappadocia
1574 1577 1714 1615 actum

175 1658 267 1689 esse
298 1645 489 1698 (XXXII.
520 1647 613 1688 20.).
671 1644 752 1686 Ubi
782 1656 872 1686 cum
902 1644 1055 1685 fratres
1094 1655 1178 1684 una
1214 1655 1389 1695 regnare
1430 1644 1528 1685 iussi
1565 1646 1716 1695 essent,

176 1716 422 1759 Ariarathes
452 1715 504 1756 ad
534 1715 720 1757 Attalum
749 1715 874 1756 Asiae
907 1726 1047 1766 regem
1075 1713 1201 1766 fugit,
1242 1714 1356 1756 cuius
1385 1714 1539 1755 auxilio
1571 1713 1713 1756 eodem

175 1799 286 1829 anno
318 1789 394 1827 157
423 1786 554 1827 fratre
584 1784 728 1838 fugato
767 1796 942 1838 regnum
975 1784 1052 1826 sibi
1080 1784 1340 1838 recuperavit
1372 1783 1492 1839 (Zon.
1523 1796 1617 1826 ann.
1643 1784 1714 1827 IX.

180 1861 244 1899 24.
273 1857 360 1898 Pol.
389 1856 575 1898 XXXIII.
607 1854 717 1907 12a).
771 1854 870 1896 Cum
898 1855 1025 1907 igitur
1043 1855 1162 1896 annis
1194 1857 1271 1896 158
1289 1858 1332 1896 et
1355 1857 1429 1896 157
1455 1854 1715 1907 Orophernes

175 1940 351 1980 regnum
391 1926 640 1979 obtinuerit,
676 1925 728 1966 ad
771 1925 1019 1967 alterutrum
1056 1937 1208 1967 annum
1248 1925 1373 1967 verba
1411 1926 1463 1967 ab
1501 1925 1713 1968 Athenaeo

176 1998 226 2040 X.
248 1997 363 2039 44οΒ
381 2002 549 2038 servata
569 1997 651 2048 (20.
675 1996 716 2047 9)
739 1995 883 2036 referri
904 1995 1083 2047 debent3
1111 2007 1203 2037 cum
1230 2007 1370 2048 regem
1390 1995 1717 2050 βασιλεύσαντα

176 2068 359 2123 appellet
389 2067 647 2115 Athenaeus,
683 2066 734 2107 de
764 2066 849 2107 solo
888 2078 996 2108 anno
1029 2069 1104 2107 157
1147 2066 1321 2119 cogitari
1356 2067 1520 2120 poterit.
1575 2066 1715 2109 Simile

176 2140 276 2194 quid
308 2139 419 2181 cadit
447 2139 489 2180 in
521 2149 604 2180 exc.
633 2137 678 2179 P.
710 2140 762 2179 88
784 2138 835 2190 (c.
866 2138 948 2191 23),
979 2137 1090 2191 quod
1118 2140 1229 2180 certe
1257 2149 1306 2180 ex
1334 2138 1489 2180 mortui
1517 2138 1714 2180 Eumenis

177 2211 452 2263 descriptione
481 2222 637 2251 morum
666 2209 839 2262 petitum
868 2212 943 2250 est.
986 2208 1094 2250 Illud
1123 2209 1355 2262 quaeritur,
1382 2221 1461 2262 quo
1490 2217 1599 2251 anno
1630 2209 1716 2250 Eu-

174 2293 313 2324 menes
343 2281 429 2323 vita
452 2280 688 2322 decesserit.
717 2281 856 2332 Atque
886 2280 953 2321 vix
974 2278 1156 2321 dubitari
1184 2283 1337 2332 potest,
1368 2280 1468 2332 quin
1497 2291 1605 2321 anno
1636 2282 1713 2321 158

176 2352 245 2394 ille
277 2352 382 2393 diem
405 2363 640 2403 supremum
670 2350 832 2401 obierit,
861 2362 955 2391 nam
985 2354 1026 2390 et
1046 2349 1290 2391 Ariarathes
1321 2350 1417 2391 dato
1446 2350 1515 2391 illo
1543 2354 1712 2392 senatus

176 2422 380 2473 consulto,
407 2422 433 2463 i.
455 2434 489 2463 e.
518 2433 598 2463 non
628 2421 688 2463 ita
710 2420 839 2462 multo
858 2424 952 2474 post
974 2420 1072 2462 anni
1090 2424 1165 2462 157
1185 2420 1430 2473 principium
1449 2420 1501 2462 ad
1528 2420 1713 2463 Attalum

175 2493 364 2544 Pergami
407 2504 546 2543 regom
587 2492 771 2544 confugit
799 2491 937 2544 (Diod.
974 2490 1126 2532 XXXI.
1160 2490 1286 2543 32b),
1312 2494 1354 2531 et
1382 2490 1559 2542 Attalus,
1588 2491 1711 2533 etiam

176 2569 400 2615 antequam
449 2561 516 2603 ille
563 2562 723 2615 aderat,
759 2561 970 2604 Demetrio
1008 2561 1175 2613 Syriae⁴
1201 2560 1288 2613 regi
1336 2560 1505 2602 insidias
1547 2561 1712 2603 struxit.

267 2726 327 2770 18)
355 2725 406 2760 Cf.
431 2725 539 2760 finem
562 2736 644 2770 pag.

265 2782 324 2826 19)
352 2782 404 2818 Cf.
432 2792 467 2827 p.
495 2784 548 2815 25.
