1898 3104
938 190 991 228 23

309 336 397 381 Hoc
425 337 512 381 loco
538 347 587 380 ea
614 335 884 380 examinanda
912 338 1022 389 sunt,
1050 347 1157 389 quae
1174 334 1388 389 Appianus
1418 334 1469 376 de
1498 333 1603 378 bello
1627 334 1736 376 inter

199 410 384 452 Attalum
412 414 455 452 et
481 410 673 451 Prusiam
707 411 825 459 gesto
865 408 1048 460 praebet.
1104 409 1165 449 De
1202 407 1352 458 legatis
1390 406 1498 447 enim
1526 407 1734 451 Romanis,

198 490 299 534 quos
318 491 428 523 anno
446 482 521 522 155
534 478 727 533 Pergami
748 477 932 520 aPrusia
951 477 1139 520 obsessos
1160 489 1262 530 esse,
1280 490 1330 519 ex
1348 475 1694 531 Polyb.XXXIII.
1707 479 1732 518 6

197 555 387 605 apparet,
414 552 455 592 in
475 551 652 603 Appiani
667 550 783 602 libro,
798 550 861 591 cui
885 549 1125 591 inscribitur
1137 548 1466 601 Μιθριδάτειος,
1496 560 1584 601 cap.
1605 549 1732 589 tertio

197 622 391 665 continua
421 621 620 673 narratio,
649 632 798 674 parum
827 622 874 662 ut
902 632 1063 674 semper
1091 623 1300 673 accurata,
1326 619 1397 662 sed
1417 619 1533 662 nobis
1549 619 1732 673 pretiosa

196 696 347 735 exstat.
412 692 546 742 Quam
584 691 863 733 narrationem
898 691 952 732 ad
991 691 1116 732 alium
1157 702 1327 742 annum3
1365 703 1490 743 quam
1525 694 1600 731 155
1628 690 1733 732 refe-

195 763 362 806 rendam
390 775 504 815 esse,
542 762 660 804 facile
686 762 802 804 initio
832 761 983 814 aliquis
1011 761 1174 813 credat3
1215 773 1308 802 nam
1338 773 1472 814 neque
1502 761 1554 804 de
1584 761 1731 814 legatis

198 836 240 875 et
268 833 368 887 ipsis
396 834 437 875 in
468 832 569 875 urbe
599 832 780 874 obsessis
806 844 939 874 sermo
969 836 1051 884 est,
1090 835 1132 873 et
1160 830 1451 884 Nicephorium
1483 831 1634 873 dicitur
1662 831 1732 873 de-

196 908 406 947 vastatum
423 917 527 956 esse,
538 903 577 945 id
600 903 710 957 quod
731 916 838 944 anno
856 903 992 956 potius
1008 906 1082 944 156
1104 902 1259 944 factum
1278 914 1369 944 esse
1387 902 1472 944 Pol.
1486 902 1658 944 XXXII.
1676 905 1729 944 25

195 974 326 1017 docet.
394 974 549 1016 Verum
589 973 717 1027 legati
754 973 930 1028 Appiani
968 973 1056 1015 sine
1097 972 1220 1015 dubio
1265 972 1345 1015 illis
1385 973 1658 1027 respondent,
1707 985 1730 1015 e

194 1047 345 1098 quibus
367 1045 633 1096 Centhonem,
661 1045 941 1097 Hortensium,
972 1045 1290 1086 Aurunculeium
1311 1046 1498 1086 nominat
1517 1045 1729 1097 Polybius:

194 1116 368 1171 primum
397 1116 492 1169 quia
510 1115 693 1169 utrisque
716 1114 947 1168 mandatur,
976 1117 1024 1157 ut
1038 1114 1224 1157 Prusiani
1243 1126 1269 1156 a
1290 1114 1396 1157 bello
1420 1114 1728 1169 retineant²²)‚

194 1187 342 1228 deinde
371 1188 470 1238 quia
497 1191 540 1227 et
566 1187 676 1238 apud
703 1186 916 1237 Polybium
955 1190 998 1226 et
1027 1185 1136 1237 apud
1165 1186 1396 1237 Appianum
1424 1186 1552 1237 legati
1580 1189 1728 1237 postea

193 1256 309 1300 missi
336 1269 362 1299 a
392 1256 558 1310 Prusia,
601 1259 647 1299 ut
684 1268 751 1299 res
791 1255 960 1309 reddat,
1000 1255 1316 1310 postulant²³).
1380 1255 1460 1299 Sed
1494 1256 1727 1299 accuratius

193 1328 415 1370 videndum
435 1332 500 1369 est
518 1328 567 1368 (le
589 1327 860 1380 Nicephorio;
890 1339 984 1367 nam
1004 1326 1194 1368 facillime
1213 1327 1289 1368 sibi
1309 1327 1455 1379 aliquis
1479 1328 1729 1380 persuadeat

192 1399 339 1452 fragm.
374 1399 474 1441 illud
517 1399 568 1441 de
609 1399 738 1441 sacris
775 1397 946 1450 direptis
989 1397 1186 1451 (XXXII.
1219 1398 1317 1451 25),
1363 1398 1473 1451 quod
1512 1410 1618 1440 anno
1652 1401 1727 1440 15ss

194 1469 428 1522 tribuimus,
454 1468 549 1511 huic
567 1469 703 1521 potius
724 1480 832 1509 anno
853 1468 1038 1510 dandum
1059 1480 1161 1510 esse.
1219 1468 1336 1518 Quod
1364 1468 1453 1510 fieri
1480 1481 1602 1522 posse
1622 1481 1729 1511 com-

142 1558 148 1565 ·
192 1540 380 1594 pluribus
406 1540 458 1582 de
488 1540 622 1582 causis
650 1551 768 1592 nego.
810 1539 1007 1593 ,Primum
1027 1539 1133 1580 enim
1154 1540 1242 1580 sine
1270 1539 1393 1582 dubio
1420 1540 1502 1592 ille,
1531 1540 1603 1593 qui
1627 1541 1728 1582 vitia

195 1615 239 1653 et
281 1610 440 1664 flagitia
481 1610 653 1668 Prusiae
695 1613 980 1663 componeret,
1046 1621 1126 1651 non
1169 1610 1376 1652 omisisset
1415 1610 1564 1652 afferre
1614 1611 1727 1654 illum

193 1682 349 1725 violato
382 1682 470 1724 iure
499 1683 684 1735 gentium
714 1682 863 1734 legatis
891 1681 1087 1723 Romanis
1116 1681 1284 1723 insidias
1312 1694 1481 1734 parasse
1519 1685 1562 1724 et
1596 1684 1728 1725 servis

192 1766 334 1797 eorum
361 1765 527 1794 manum
555 1753 753 1795 intulisse.
812 1752 967 1794 Deinde
996 1753 1038 1793 in
1068 1751 1139 1794 illo
1174 1752 1407 1805 fragmento
1437 1753 1588 1795 dicitur
1615 1754 1728 1807 μετά

188 1826 239 1867 τὸ
268 1826 436 1879 νικῆσαι
462 1823 772 1875 τὼθἉτταλον,
801 1824 913 1877 quod
939 1824 975 1865 si
1002 1836 1111 1865 anno
1142 1828 1217 1865 155
1249 1824 1460 1878 tribuitur,
1489 1826 1531 1866 in
1551 1826 1728 1878 Appiani

191 1895 368 1938 historia
394 1895 448 1936 ad
479 1894 585 1948 quod
615 1895 838 1946 referatur,
871 1895 1037 1935 omnino
1065 1907 1147 1936 non
1175 1894 1320 1946 habet,
1352 1907 1446 1935 nam
1475 1895 1518 1936 in
1547 1895 1727 1948 Appiani

191 1965 329 2008 verbis
366 1965 417 2007 de
447 1964 600 2017 proelio
629 1967 727 2006 ante
756 1965 965 2006 obsessam
994 1964 1238 2016 Pergamum
1267 1976 1439 2017 prorsus
1478 1964 1578 2007 nihil
1606 1966 1726 2008 inest.

193 2035 359 2079 Accedit
386 2035 495 2088 quod
528 2035 656 2088 legati
676 2040 850 2077 exeunte
871 2047 979 2077 anno
995 2036 1167 2077 Romam
1191 2036 1373 2087 regressi
1393 2048 1474 2078 non
1494 2040 1728 2089 queruntur

190 2107 241 2150 de
268 2107 439 2149 Prusiae
466 2105 650 2160 a'fflssee'qc
678 2106 750 2148 sed
779 2107 830 2148 de
858 2109 1131 2161 παρανομίᾳ,
1172 2105 1583 2163 παρασπονδήματι.
1645 2110 1726 2152 Sed

189 2179 422 2231 quaeritur,
467 2176 566 2229 quid
596 2176 674 2218 sibi
712 2177 810 2218 velit
847 2177 1025 2219 vastatio
1055 2177 1287 2230 Nicephorii
1326 2178 1434 2231 apud
1465 2179 1727 2232 Appianum?

191 2251 329 2301 Atque
350 2247 462 2289 nulla
484 2259 576 2288 eum
602 2248 751 2288 iniuria
780 2247 991 2299 afficimuS,
1020 2248 1056 2289 si
1079 2259 1147 2289 res
1174 2248 1336 2290 duobus
1368 2250 1487 2290 annis
1512 2256 1654 2301 gestas
1673 2272 1724 2279 ——

279 2460 339 2500 22)
364 2461 580 2504 προοίπεμπε
612 2456 661 2502 τῷ
684 2457 839 2503 ΙῙρουοίᾳ
864 2458 911 2501 μή
936 2458 1091 2497 πολεμεῖν
1112 2459 1279 2504 Ἀττάλῳε
1304 2461 1440 2499 ἐντολάς
1463 2461 1566 2494 &osum
1590 2461 1724 2494 κωλύειν

187 2515 246 2548 τὸν
270 2516 445 2560 Προυσίαν
467 2515 618 2559 Ἀττάλῳ
642 2515 795 2554 πολεμεῖν
820 2515 897 2550 ΡΟῙ.
923 2516 1079 2551 XXXIII.
1107 2517 1136 2550 1.

280 2572 341 2617 23)
365 2572 444 2608 Pol.
470 2571 638 2607 XXXIII.
657 2572 677 2608 6
702 2573 837 2612 ἐντολάς
861 2571 964 2607 δοῦσα
986 2573 1144 2607 &sallom
1160 2575 1215 2606 τὸν
1236 2574 1378 2614 πόλεμον
1402 2575 1456 2607 καὶ
1481 2575 1537 2607 τὸν
1551 2574 1724 2619 Προυσίαν

185 2630 375 2673 ἀναγκάσαι
403 2630 497 2668 δίκας
530 2630 688 2673 ὑποσχεῖν
718 2631 869 2675 Ἀττάλῳ
896 2630 964 2664 τῶν
993 2631 1079 2664 κατά
1109 2631 1166 2664 τὸν
1190 2631 1331 2669 πόλιμον
1362 2631 1592 2674 α’ὃικημάτωνε
1623 2631 1721 2674 App:

188 2691 343 2734 πρέσβεις
380 2687 511 2733 ἑτέρους
548 2688 713 2728 ἔπεμπον,
754 2689 789 2721 οἳ
824 2689 880 2722 τὸν
921 2685 1095 2734 ΙῙροὺοίαν
1133 2689 1276 2722 ἐκέλευον
1306 2689 1457 2735 Ἀττάλῳ
1497 2689 1559 2727 τιὶς
1592 2688 1723 2729 βλάβας

184 2745 359 2779 ἀποτῖσαι.
693 2750 698 2756 “
