1898 3104
925 164 976 202 25

186 304 301 346 esse,
338 305 429 336 cum
460 294 546 336 veri
575 295 631 337 sit
661 295 930 349 simillimum,
970 295 1222 338 Achaeorum
1260 295 1423 348 legatos
1451 308 1531 338 uno
1560 307 1723 350 quoque

185 375 293 406 anno
327 364 378 407 de
414 364 668 408 dimittendis
705 367 878 419 captivis
916 367 1064 409 missos
1092 379 1253 421 semper
1289 368 1409 410 initio
1439 369 1537 411 anni
1565 368 1722 411 Romae

185 439 371 478 versatos
384 448 485 488 esse,
515 441 659 478 contra
679 437 714 479 si
728 437 780 478 ad
794 449 945 478 annum
961 441 1037 479 154
1048 437 1324 490 fragmentum
1335 439 1576 492 referretur,
1594 439 1723 491 legati

185 506 530 562 poerpimium
573 511 717 554 contra
758 508 935 559 Ligures
987 508 1155 549 missum
1199 508 1370 550 Romam
1410 508 1722 566 venissent²³),

187 576 318 626 Quam
347 576 398 617 ob
426 589 591 618 causam
622 589 872 629 quamquam
903 576 1000 618 mihi
1026 578 1191 630 quidem
1209 579 1397 630 persuasi
1424 592 1512 620 rem
1541 579 1602 621 ita
1630 591 1722 621 sese

185 645 359 698 habere,
410 650 547 688 tamen
592 646 780 689 consulto
824 646 992 688 verbum
1035 647 1244 689 »videtur«
1288 649 1503 701 praemisi,
1547 661 1639 690 cuni
1680 649 1722 690 in

186 716 422 758 universum
447 718 623 770 vestigia
646 729 802 770 eorum,
833 729 940 770 quae
964 716 1027 759 his
1057 718 1309 770 temporibus
1338 719 1378 759 in
1408 719 1576 760 orientis
1598 720 1723 761 terris

187 787 442 834 acciderunt,
485 788 706 830 admodum
743 799 873 841 parva
902 790 966 840 et,
1000 787 1110 841 quod
1152 788 1207 829 ad
1247 792 1480 842 temporum
1518 790 1724 831 rationem

186 858 380 912 pertinet,
410 870 610 912 perquam
637 858 764 900 dubia
793 858 845 899 ad
872 869 947 899 nos
975 858 1250 911 pervenerint.
1301 858 1378 899 Illo
1407 858 1640 912 fragmento
1668 860 1723 902 ad

189 940 227 971 a.
262 932 338 971 153
365 930 498 972 relato
527 929 659 971 eidem
689 941 727 970 a.
762 932 838 970 153
868 940 977 971 exce.
1006 929 1052 970 A.
1085 931 1161 970 138
1191 928 1247 983 (c.
1277 930 1357 982 14),
1384 930 1430 971 A.
1470 933 1545 972 139
1571 931 1623 983 (c.
1657 930 1724 985 15)

188 1010 295 1042 anno
330 1002 404 1040 152
434 1011 517 1041 exc.
567 1000 616 1041 A.
658 1002 735 1041 140
772 998 828 1054 (c.
870 999 937 1051 16)
981 999 1202 1041 tribuenda
1240 1004 1358 1053 sunt,
1414 1001 1479 1043 cui
1517 1002 1577 1043 rei
1616 1002 1725 1054 quod

189 1070 329 1112 obstet
366 1082 448 1112 non
486 1074 560 1112 est.
630 1069 746 1119 Quae
773 1072 988 1123 praeterea
1017 1069 1067 1111 de
1096 1071 1299 1123 excerptis
1329 1070 1379 1113 de
1409 1070 1487 1124 leg.
1519 1084 1722 1125 moneam,

187 1153 267 1183 non
293 1141 438 1183 habeo.

295 1212 468 1254 Prorsus
499 1210 603 1253 falso
632 1210 721 1253 loco
755 1210 891 1264 posita
922 1214 1020 1252 sunt
1056 1210 1136 1252 duo
1164 1209 1420 1264 fragmenta,
1461 1223 1569 1265 quae
1595 1223 1724 1265 supra

185 1283 266 1324 iam
292 1283 427 1335 attigi,
455 1282 540 1324 VV.
570 1282 659 1323 dico
688 1285 869 1323 147.148
890 1281 1154 1335 (c.l2a)²⁶).
1212 1282 1443 1335 Utrumque
1467 1283 1574 1324 enim
1601 1283 1657 1325 ad
1684 1295 1722 1325 a.

190 1356 265 1394 157
294 1351 550 1394 referendum
576 1364 666 1394 esse
697 1351 799 1394 satis
827 1355 1005 1404 constat,
1032 1352 1074 1393 id
1103 1352 1211 1405 quod
1241 1352 1389 1394 docent
1418 1352 1544 1395 verba
1572 1353 1722 1407 prioris

185 1424 426 1476 fragmenti:
453 1423 699 1477 Ὀροφέρνης
728 1423 751 1463 ὁ
778 1424 853 1477 τῆς
873 1423 1191 1470 Καππαδοκίας
1219 1422 1490 1475 βασιλεύς...
1518 1422 1723 1465 ἀπώλετο

185 1495 256 1535 καὶ
296 1497 370 1549 τῆς
410 1495 631 1547 βασιλείας
672 1494 900 1546 ἐξέπεσεν,
942 1493 1134 1536 alterius:
1171 1496 1257 1534 τῶν
1299 1492 1567 1547 πραγμάτων
1606 1493 1726 1547 αὐτῷ

186 1564 550 1608 ἄντι-πιπτόντων.
580 1564 767 1607 Restant·
784 1564 1059 1606 examinanda
1085 1568 1255 1617 praeter
1274 1563 1424 1606 Suidae
1455 1568 1497 1606 et
1525 1564 1726 1608 Athenaei

186 1637 322 1679 locum
354 1648 461 1678 exce.
491 1636 537 1677 P.
576 1639 641 1677 91.
681 1638 745 1677 92.
785 1638 837 1677 93
876 1635 917 1676 V.
957 1638 1045 1677 149.
1088 1638 1177 1676 150.
1210 1638 1297 1676 151.
1352 1634 1648 1688 Excerptorum
1679 1636 1724 1677 P.

187 1707 379 1750 ultimum
400 1707 454 1762 (c.
486 1707 566 1760 12),
594 1718 684 1749 cum
712 1718 802 1760 par.
831 1708 855 1748 6
884 1708 1188 1760 συνεργοῦντος
1209 1704 1407 1748 Ἀττάλου
1435 1705 1724 1750 Prienensibus

187 1777 340 1820 bellum
362 1777 520 1820 illatum
552 1788 643 1819 esse
666 1777 841 1830 dicatur,
872 1780 1049 1830 apparet
1076 1777 1131 1818 ad
1151 1788 1280 1818 annos
1305 1780 1516 1818 156-154
1539 1781 1726 1830 spectare

186 1861 270 1891 non
300 1860 433 1902 posse,
463 1848 561 1901 quia
589 1846 757 1890 Attalus
786 1846 894 1889 bello
923 1847 1012 1900 ipso
1042 1858 1263 1900 oppressus
1292 1846 1395 1889 alios
1423 1848 1613 1901 persequi
1641 1860 1725 1890 non

188 1920 329 1974 potuit
356 1918 464 1972 (Pol.
483 1918 654 1961 XXXII.
685 1918 748 1959 25.
779 1920 843 1960 26.
869 1917 1062 1960 XXXIII.
1095 1921 1130 1959 1.
1160 1920 1198 1959 6.
1231 1921 1292 1959 10.
1319 1918 1398 1970 11).
1454 1917 1725 1961 Referendum

189 1991 317 2045 igitur
339 1991 419 2033 erit
447 1989 501 2032 ad
520 2002 558 2032 a.
590 1993 665 2032 153
686 1988 752 2032 vel
770 1989 825 2032 ad
844 1988 1052 2042 posterius
1074 1992 1247 2042 tempus,
1275 1988 1355 2031 nisi
1381 1988 1492 2031 forte
1518 1989 1573 2032 ad
1591 1990 1727 2044 ipsum

190 2074 228 2104 a.
260 2066 337 2103 154
367 2064 547 2114 spectat,
579 2072 659 2113 quo
689 2064 862 2102 exeunte
888 2060 1140 2101 Demetrium
1170 2059 1405 2101 Ariarathis
1433 2059 1560 2102 filium
1588 2062 1726 2114 copias

189 2146 215 2175 a
240 2136 361 2186 patre
381 2132 519 2174 Attalo
548 2131 702 2173 auxilio
731 2132 878 2174 missas
909 2131 1111 2186 (XXXIII
1143 2134 1202 2173 10.
1236 2131 1276 2184 1)
1306 2131 1410 2173 bello
1438 2130 1555 2173 finito
1580 2137 1727 2175 contra

189 2204 363 2245 Prienen
392 2202 557 2244 duxisse
584 2214 675 2248 „non
719 2202 861 2254 inepte
906 2202 1057 2255 aliquis
1085 2203 1315 2243 coniecerit.
1372 2201 1478 2243 Nam
1507 2204 1724 2254 quominus

190 2275 465 2328 fragmentum
495 2285 603 2315 anno
635 2276 711 2314 157
741 2273 984 2326 tribuamus,
1013 2278 1181 2327 praeter
1208 2276 1473 2326 exerptorum
1500 2273 1545 2315 P.
1578 2274 1726 2316 seriem

190 2346 318 2388 verba.
367 2343 470 2399 παρ’
504 2344 776 2399 Ὀροφέρνους
818 2341 881 2385 ὅτ’
929 2343 1140 2399 ἐκράτησε
1186 2346 1261 2399 τῆς
1314 2343 1467 2399 α’ρχῆς-
1495 2344 1615 2398 (157)

189 2418 439 2472 α’πῃτοῦντο
466 2415 575 2457 κατά
613 2414 711 2462 τούς
739 2414 836 2469 ἑξῆς
860 2414 1036 2469 χρόνους
1068 2415 1309 2468 prohibent,
1349 2427 1455 2467 quae
1483 2419 1531 2456 ut
1559 2415 1727 2468 aliquod

193 2489 390 2541 temporis
441 2486 701 2530 intervallum
750 2486 859 2528 inter
909 2485 1191 2540 Orophernem
1239 2498 1368 2539 regno
1423 2485 1635 2540 depulsum
1682 2489 1727 2528 et

191 2562 436 2613 argentum,
479 2559 531 2601 de
575 2570 656 2612 quo
699 2569 833 2600 sermo
883 2562 958 2611 est,
1001 2558 1224 2611 repetitum
1265 2570 1489 2612 ponamuS,
1532 2557 1728 2600 videntur

190 2628 412 2686 postulare.

206 2776 214 2780 -
282 2737 341 2780 25)
368 2734 411 2771 cf.
436 2744 528 2780 quae
552 2743 631 2779 pag.
647 2726 739 2769 6’de
763 2736 889 2770 senatu
911 2731 1012 2768 initio
1037 2731 1119 2768 anni
1143 2732 1275 2770 exteris
1299 2732 1427 2778 legatis
1453 2730 1537 2768 dato
1560 2731 1692 2768 monui.

282 2793 343 2836 26)
368 2793 411 2828 cf.
436 2803 470 2837 p.
497 2795 549 2828 20.
