1898 3104
938 191 989 229 22

198 322 310 361 κατιὲ
334 322 433 369 τούς
461 321 632 374 καιροΰς
661 321 765 361 καθ’
783 320 855 369 οὓς
875 322 1130 380 ἐξέπεμψεν
1148 323 1174 376 ἦ
1194 321 1424 377 σύγκλητος
1442 321 1520 361 τὸν
1543 320 1740 374 Ὀπίμιον

199 393 274 434 ἐπὶ
302 391 380 434 τόν
407 394 493 433 τῶν
511 392 712 445 Ὀξυβίων
739 390 946 445 πόλεμον,
972 405 1055 445 quo
1084 392 1320 445 fragmento
1348 392 1551 446 quaedam
1570 395 1740 435 servata

199 467 317 515 sunt,
346 474 456 516 quae
479 462 531 504 ad
557 462 885 505 Ptolemaeorum
919 463 1089 505 dissidia
1116 467 1319 516 spectant.
1375 464 1461 506 Iam
1488 463 1530 505 in
1550 462 1739 505 editioni-

198 535 275 576 bus
305 535 492 587 sequitur
528 533 804 584 fragmentum
843 534 892 576 de
921 534 1028 577 bello
1057 535 1166 577 inter
1195 536 1380 578 Attalum
1405 536 1446 578 II
1472 540 1516 578 et
1542 535 1733 577 Prusiam

197 606 238 648 II
259 609 378 659 gesto
397 606 441 647 B.
466 608 542 646 133
556 606 611 659 (c.
640 603 701 659 6),
719 605 867 647 deinde
887 605 1050 659 longius
1078 605 1354 659 fragmentum
1382 606 1428 649 B.
1448 609 1525 649 134
1543 605 1610 662 (cc
1626 608 1662 648 7.
1679 606 1736 660 8),

198 690 301 730 quo,
331 677 442 729 quali
483 677 733 717 contumelia
763 689 811 718 ac
839 677 879 718 vi
912 677 1040 729 legati
1068 678 1241 719 Romani
1277 690 1303 719 a
1330 678 1555 730 Liguribus
1598 676 1736 719 affecti

198 749 281 789 sint
301 751 344 790 et
362 760 442 800 quo
466 751 615 789 eventu
639 747 825 800 Opimius
849 747 1001 790 bellum
1022 748 1277 801 Ligusticum
1308 748 1497 801 gesserit,
1526 752 1734 791 narratur.

199 819 289 869 Quo
329 818 471 859 ordine
512 821 679 859 servato
718 831 807 859 cum
852 819 985 871 capite
1030 819 1203 871 septimo
1241 818 1401 860 demum
1439 818 1599 860 dicatur
1643 821 1738 872 post

196 890 358 941 legatos
397 890 618 941 ignominia
657 888 827 930 affectos
869 888 1055 942 Opimius
1096 901 1186 931 cum
1225 889 1410 931 exercitu
1445 889 1596 931 missus
1634 900 1738 942 esse,

197 972 276 1014 quo
303 963 492 1013 spectent
510 960 641 1012 prima
660 971 745 1013 cap.
762 963 784 1000 5
815 960 953 1013 verba,
984 971 1153 1013 prorsus
1174 971 1237 1001 me
1265 959 1395 1012 iugit3
1425 971 1518 1001 nam
1539 970 1602 1013 ea,
1630 970 1736 1013 quae

197 1032 332 1084 capite
363 1035 386 1072 G
424 1031 671 1083 traduntur,
729 1036 770 1073 et
810 1036 905 1084 post
931 1032 1135 1084 Opimium
1174 1032 1340 1073 missum
1379 1036 1433 1081 (c.
1473 1030 1519 1085 5)
1556 1035 1600 1073 et
1637 1034 1737 1073 ante

196 1102 404 1156 Opimium
430 1102 599 1143 missum
640 1101 696 1156 (c.
728 1105 763 1143 7.
803 1103 848 1153 8)
888 1102 1156 1155 accidissent,
1194 1113 1359 1144 necesse
1389 1105 1520 1155 esset,
1556 1101 1599 1144 id
1628 1100 1735 1155 quod

196 1174 319 1225 plane
360 1186 484 1215 sensu
522 1185 662 1214 carere
705 1174 982 1225 unusquisque
1024 1173 1145 1214 videt.
1211 1172 1368 1214 Contra
1411 1173 1547 1214 omnia
1583 1172 1738 1225 optime

197 1242 355 1296 fluunt,
393 1242 427 1284 si
451 1242 598 1296 fragm.
635 1242 742 1297 quod
773 1254 828 1286 cc.
861 1246 895 1284 7.
927 1246 951 1285 8
989 1243 1247 1294 continetur,
1283 1242 1392 1285 inter
1428 1246 1556 1296 caput
1582 1245 1608 1285 4
1637 1245 1681 1285 et
1712 1245 1735 1284 5

195 1315 483 1366 interponitur.
542 1314 631 1364 Quo
672 1313 783 1355 facto
820 1315 998 1366 primum
1029 1315 1182 1366 optime
1210 1315 1386 1356 concinit
1412 1313 1505 1355 finis
1534 1314 1680 1366 capitis
1709 1318 1736 1355 4

195 1397 284 1426 cum
315 1384 431 1426 initio
462 1396 549 1437 cap.
580 1387 624 1436 7,
662 1396 743 1437 qua
772 1385 813 1425 in
845 1396 890 1425 re
921 1383 1027 1437 quod
1057 1384 1189 1426 denuo
1227 1384 1376 1426 dicitur
1408 1383 1737 1439 Μασσαλιητῶν

193 1457 667 1508 διαπρεσβευσαμένιυν
686 1455 795 1507 πρὸς
808 1456 1035 1507 Ῥωμαίους
1056 1456 1192 1502 κακῶς
1215 1454 1451 1507 πάσχειν..
1464 1488 1472 1496 .
1492 1486 1502 1495 .
1523 1455 1734 1496 offendere

193 1539 267 1568 nos
303 1539 383 1568 non
421 1530 582 1579 potest,
637 1526 735 1579 quia
774 1538 798 1568 a
837 1526 1012 1568 diversis
1052 1525 1230 1568 librariis
1270 1529 1464 1579 excerpta
1505 1526 1734 1579 composita

196 1601 307 1639 sunt.
358 1597 480 1648 Quod
511 1597 689 1638 alterum
722 1602 809 1649 est,
845 1597 980 1650 prima
1012 1597 1150 1649 quinti
1180 1609 1269 1650 cap.
1301 1597 1427 1638 verba
1455 1597 1536 1639 iam
1564 1596 1733 1650 habent,

192 1681 273 1722 quo
317 1669 469 1721 optime
522 1668 777 1720 referantur,
831 1668 929 1720 quia
970 1668 1157 1710 narratio
1207 1668 1256 1710 de
1304 1668 1426 1710 rebus
1474 1668 1525 1711 ab
1574 1667 1734 1721 Opimio

193 1741 323 1792 gestis
355 1740 579 1781 antecedit.
651 1739 737 1781 Nec
774 1742 874 1791 puto
913 1750 1159 1791 quemquam
1188 1739 1230 1780 in
1260 1739 1619 1791 argumentatione
1642 1750 1734 1781 mea

194 1811 444 1853 offensurum
477 1823 592 1862 esse,
633 1811 711 1852 nisi
751 1810 859 1852 forte
885 1811 1005 1852 nimis
1034 1810 1248 1852 verbosam
1278 1810 1396 1853 dicet.
1454 1810 1660 1863 Excerpto
1684 1810 1733 1853 B.

196 1885 272 1923 134
302 1894 325 1923 a
347 1894 422 1923 sua
453 1882 551 1922 sede
572 1885 740 1933 remoto,
771 1881 997 1933 quaeritur,
1023 1893 1102 1933 quo
1122 1881 1383 1923 referendum
1406 1882 1462 1923 sit
1481 1881 1732 1923 antecedens

191 1952 373 1993 eiusdem
394 1952 576 1993 familiae
595 1963 677 1992 exc.
688 1951 735 1992 B.
751 1954 840 1993 133.
887 1951 1070 1992 Primum
1085 1956 1181 1993 ante
1204 1952 1348 1993 exc.A.
1366 1954 1439 1993 129
1452 1952 1548 2005 poni
1574 1952 1733 2005 nequit,

191 2023 285 2075 quia
316 2023 457 2075 legati,
486 2034 590 2075 quos
611 2023 739 2064 Roma
769 2023 992 2064 excessisse
1018 2022 1120 2063 illud
1150 2023 1302 2076 docuit,
1332 2023 1522 2065 dicuntur
1551 2023 1727 2065 Romam

190 2093 375 2146 rediisse,
418 2093 564 2135 deinde
601 2106 681 2134 non
727 2097 825 2146 post
867 2105 952 2135 exc.
993 2095 1039 2136 A.
1082 2097 1154 2134 131
1205 2094 1337 2136 locum
1385 2093 1538 2136 habere
1576 2097 1731 2147 potest,

189 2164 287 2217 quia
317 2188 371 2193 —
402 2164 453 2205 de
483 2176 564 2216 qua
595 2176 639 2205 re
668 2163 789 2205 modo
822 2163 995 2205 vidimus
1027 2187 1079 2193 —
1108 2163 1179 2205 frr.
1202 2165 1249 2206 A.
1279 2168 1351 2206 131
1385 2165 1432 2207 B.
1465 2167 1542 2206 134
1570 2166 1620 2208 A.
1653 2167 1730 2206 132

190 2235 418 2276 arctissime
437 2235 545 2275 inter
560 2246 604 2276 se
626 2233 862 2275 cohaerent.
897 2234 1015 2284 Quod
1037 2235 1204 2276 tertium
1229 2239 1306 2286 est,
1334 2235 1473 2277 decem
1501 2235 1568 2276 illiv
1586 2235 1730 2288 legati,

191 2317 364 2357 quorum
393 2305 544 2346 mentio
573 2303 643 2356 fit,
690 2307 865 2345 exeunte
895 2316 1002 2346 anno
1036 2308 1111 2345 155
1141 2304 1206 2346 vel
1232 2305 1400 2347 ineunte
1429 2317 1464 2346 a.
1494 2308 1572 2347 154
1599 2305 1730 2347 Roma

189 2376 345 2428 egressi
376 2375 460 2416 sint
498 2387 666 2417 necesse
707 2378 793 2428 est,
830 2375 925 2428 quia
967 2387 1047 2416 non
1090 2375 1221 2417 multo
1258 2379 1353 2428 post
1390 2375 1551 2417 initium
1582 2387 1618 2417 a.
1652 2379 1730 2418 154

188 2446 269 2496 (ἔτι
312 2445 424 2485 κατά
472 2445 677 2498 χειμῶνα)
730 2445 772 2486 in
810 2445 949 2487 Asiam
1001 2450 1281 2497 pervenerunt
1321 2446 1370 2496 (c.
1399 2446 1476 2497 10).
1528 2446 1728 2496 Quartum

186 2521 398 2569 postremo
427 2516 622 2558 indicium
650 2529 699 2557 ex
715 2515 853 2557 indole
882 2527 967 2557 exc.
995 2517 1041 2557 Ax
1059 2519 1136 2558 130
1147 2517 1198 2567 (c.
1215 2518 1258 2563 2)
1288 2515 1456 2569 petitur,
1488 2516 1606 2569 quod,
1636 2528 1728 2559 cum

187 2591 304 2628 arcte
358 2599 448 2628 cum
493 2587 761 2628 antecedente
810 2588 858 2628 A.
911 2590 987 2628 129
1034 2587 1332 2639 coniugendum
1377 2587 1452 2640 sit,
1500 2600 1609 2629 anno
1649 2592 1726 2629 155

185 2658 345 2700 ineunti
387 2657 513 2699 tribui
555 2657 687 2699 debet.
754 2658 912 2709 Quibus
950 2657 1000 2699 de
1038 2659 1174 2699 causis
1223 2652 1397 2710 apparet
1447 2669 1532 2701 exc.
1569 2659 1616 2700 Β.
1651 2661 1726 2700 133

186 2729 471 2770 collocandum
499 2741 591 2770 esse
622 2729 732 2769 inter
762 2730 809 2769 A.
839 2732 917 2770 130
947 2733 989 2769 et
1012 2728 1059 2769 A.
1095 2727 1165 2768 131
1200 2732 1242 2768 et
1270 2732 1458 2780 spectare
1488 2729 1541 2771 ad
1562 2730 1725 2771 initium

185 2799 281 2840 anni
316 2801 404 2841 154.
