1898 3104
752 238 810 244 —
923 183 972 222 14

174 321 401 370 occupatus
443 319 537 359 erat
575 338 626 345 —
661 315 814 359 bellum
853 321 1007 359 contra
1047 317 1303 361 Demetrium
1347 317 1523 372 parabat
1569 315 1708 371 (Diod.

173 388 323 431 XXXI.
346 387 446 439 27a)
470 412 513 418 -—
548 398 671 440 quam
703 391 752 429 ut
777 386 993 441 Sophenae
1022 389 1191 432 insidias
1220 389 1454 432 struxisset.
1511 388 1710 440 Quocirca

173 469 266 500 cum
297 469 405 500 anno
438 461 512 499 162
543 457 687 511 Syriae
715 458 840 499 rebus
866 458 986 511 plane
1014 459 1192 501 turbatis
1222 460 1379 513 optima
1417 458 1535 510 regni
1565 459 1710 510 ampli-

172 528 323 572 ficandi
348 530 505 571 occasio
528 528 627 571 data
653 529 811 582 fuisset,
842 529 896 571 ad
924 541 1016 572 eum
1040 541 1192 573 annum
1214 530 1359 584 fragm.
1378 530 1541 573 conieci.
1582 529 1709 571 Prae-

173 603 289 643 terea
320 600 401 642 duo
421 599 654 653 fragmenta
682 611 729 640 ex
749 600 929 654 Aegypti
956 600 1131 642 historia
1159 602 1292 655 petita
1319 602 1366 642 A.
1382 604 1456 641 115
1473 604 1546 653 (cc.
1560 603 1625 640 25.
1638 602 1707 652 26)

173 672 221 713 A.
259 675 330 712 116
363 671 418 725 (c.
448 670 521 725 27)
552 675 694 724 aperte
722 671 801 713 huc
827 675 1029 724 spectant.

283 742 345 784 Ex
377 742 641 796 sequaentibus
671 742 914 795 fragmentis
943 754 1026 785 exc.
1050 742 1097 784 A.
1120 744 1195 784 117
1223 742 1408 796 (XXXII.
1427 743 1465 795 1)
1491 701 1707 783 manifesto

171 814 267 854 anni
303 817 373 854 161
414 813 608 855 historiae
639 814 897 855 tribuendum
926 818 1008 866 est,
1057 826 1150 856 cum
1180 813 1401 866 Comanus,
1431 814 1498 866 qui
1530 816 1705 855 exeunte

170 895 279 926 anno
314 887 386 925 162
414 896 439 925 a
467 883 677 937 Physcone
705 884 878 927 Romam
906 884 1053 926 missus
1084 887 1150 926 est
1177 884 1342 934 (XXXI.
1369 884 1451 936 27),
1480 883 1535 925 ibi
1559 883 1706 925 adesse

170 953 347 996 dicatur.
422 954 469 996 In
520 957 748 996 ceterorum
789 954 932 996 ordine
982 955 1269 997 constituendo
1317 955 1369 996 ab
1414 966 1498 996 exc.
1538 955 1586 995 A.
1628 956 1700 995 121

170 1024 359 1077 (XXXII.
383 1025 426 1078 5)
455 1024 793 1078 proficiscendum
822 1030 898 1078 est,
936 1037 1016 1079 quo
1050 1028 1112 1067 ἔτι
1142 1026 1228 1080 πρὸ
1253 1027 1331 1067 τοῦ
1354 1027 1557 1078 χειμῶνος
1585 1024 1705 1067 Aria-

168 1095 301 1137 rathis
329 1096 453 1148 legati
484 1107 678 1138 coronam
708 1108 874 1138 auream
903 1096 1081 1138 ferentes
1105 1097 1275 1137 Romam
1303 1096 1464 1137 venisse
1494 1095 1701 1137 dicuntur.

168 1166 260 1208 Hoc
287 1172 427 1208 autem
454 1166 729 1219 fragmentum
769 1171 812 1209 et
843 1178 1017 1219 sequens
1047 1168 1092 1208 A.
1128 1169 1201 1208 122
1228 1166 1301 1217 (cc.
1334 1171 1370 1207 6.
1405 1168 1446 1218 7)
1485 1178 1594 1208 anno
1629 1169 1703 1208 159

168 1237 309 1279 danda
349 1248 451 1290 esse,
497 1242 545 1279 ut
585 1238 796 1290 probetur,
842 1241 1085 1289 argumenta
1122 1249 1144 1278 e
1177 1237 1357 1278 Diodoro
1387 1237 1566 1290 petenda
1593 1240 1703 1279 sunt.

169 1307 304 1349 Priori
331 1309 437 1349 enim
468 1308 612 1361 capitis
641 1311 664 1349 5
689 1308 800 1360 parti
830 1307 917 1362 (pp.
936 1308 1065 1359 1—3)
1094 1307 1147 1349 ad
1172 1307 1340 1349 verbum
1370 1307 1455 1349 fere
1483 1306 1706 1360 respondet

170 1378 345 1420 Diodori
362 1379 387 1420 1.
404 1379 552 1420 XXXI.
569 1390 602 1420 c.
629 1381 680 1419 28
706 1379 903 1430 incipiens
930 1390 955 1419 a
973 1378 1107 1419 verbis
1123 1378 1232 1418 κατά
1247 1378 1328 1432 τήν
1344 1393 1417 1431 ρνε
1438 1377 1704 1430 ὀλυμπιάδα,

170 1461 278 1502 quae
316 1449 442 1491 verba
480 1450 567 1491 sine
601 1448 722 1490 dubio
758 1449 815 1490 ita
846 1448 1120 1501 intellegenda
1160 1452 1273 1498 sunt,
1312 1452 1360 1489 ut
1399 1448 1533 1490 subsit
1563 1449 1703 1490 »initio

169 1519 413 1573 olympiadis
433 1519 563 1561 CLV«
597 1519 659 1560 vel
691 1520 846 1572 »primo
865 1519 1010 1572 olymp.
1033 1519 1139 1561 CLV
1158 1531 1306 1560 anno«.
1362 1519 1478 1569 Quae
1507 1519 1703 1572 temporis

169 1589 413 1642 significatio
433 1591 535 1632 satis
563 1594 757 1631 accurata
777 1590 989 1642 quaeritur
1017 1593 1151 1632 utrum
1173 1590 1401 1642 excerptori
1432 1592 1507 1631 aut
1521 1589 1701 1632 Diodoro

168 1660 371 1702 debeatur
392 1672 443 1700 an
473 1660 524 1701 ad
546 1660 756 1713 Polybium
782 1660 940 1700 redeat.
984 1660 1120 1711 Atque
1141 1659 1192 1700 de
1221 1663 1472 1711 excerptore,
1500 1660 1568 1711 qui
1590 1663 1702 1706 certe

165 1730 268 1771 nulli
293 1730 361 1770 alii
386 1730 443 1770 rei
469 1730 602 1770 minus
622 1741 787 1782 operam
811 1730 939 1771 dabat
963 1742 1083 1782 quam
1108 1729 1404 1781 chronologiae,
1437 1730 1502 1770 vix
1526 1730 1701 1781 cogitari

166 1803 322 1855 potest.
405 1799 469 1842 Ad
512 1800 739 1843 Diodorum
792 1800 920 1853 igitur
974 1803 1048 1842 aut
1097 1800 1149 1841 ad
1189 1799 1404 1854 Polybium
1453 1799 1523 1841 illa
1576 1796 1701 1842 verba

164 1871 381 1915 referenda
410 1874 511 1914 sunt
529 1870 608 1925 ¹⁴).
670 1871 790 1914 Prius
828 1871 862 1914 si
891 1871 939 1913 fit
966 1871 1018 1913 ad
1048 1883 1086 1913 a.
1119 1873 1215 1925 160,
1266 1871 1303 1914 si
1331 1871 1529 1924 alterum,
1572 1871 1627 1914 ad
1658 1884 1700 1915 a.

257 2001 315 2039 14)
338 1998 555 2043 Diodorum,
580 1996 675 2041 quod
702 1996 747 2032 ad
773 1997 928 2041 olympp.
960 1997 1134 2031 rationem
1167 1996 1310 2042 attinet,
1343 2007 1485 2041 semper
1509 2008 1579 2033 uno
1607 2008 1700 2034 anno

163 2055 352 2101 Polybium
376 2054 608 2093 antecedere,
642 2059 681 2089 ut
713 2053 992 2096 demonstretur,
1025 2053 1242 2098 paucissima
1273 2052 1463 2090 sufficiant.
1519 2054 1699 2091 Diodorus

164 2124 234 2148 non
250 2123 304 2155 ea,
324 2123 397 2156 qua.
412 2112 585 2157 Polybius
610 2111 731 2152 utitur,
755 2112 894 2147 ratione
914 2111 1173 2156 olympiadibus
1182 2111 1365 2147 historiam
1380 2111 1565 2158 disposuit,
1590 2113 1697 2149 immo

164 2170 406 2217 olympiadum
431 2169 468 2204 in
492 2172 694 2212 temporum
719 2167 843 2203 ordine
868 2167 1113 2204 constituendo
1128 2168 1302 2203 rationem
1318 2169 1453 2204 nullam
1478 2169 1546 2204 nisi
1572 2179 1697 2205 secun-

163 2229 299 2264 dariam
321 2228 458 2262 habuit.
506 2228 559 2261 lta
584 2227 677 2261 enim
701 2226 860 2270 singulos
885 2237 995 2261 annos
1018 2225 1207 2270 disposuit,
1236 2231 1274 2262 ut
1293 2227 1611 2272 Olympionicarum
1635 2227 1696 2273 qui

162 2286 330 2321 dicuntur
363 2283 483 2319 indice
515 2289 552 2318 et
585 2283 795 2318 archontum
827 2283 1097 2318 Atheniensium
1131 2284 1213 2318 albo
1242 2284 1415 2328 fastisque
1448 2285 1696 2320 consularibus

160 2353 247 2379 usus
276 2341 433 2377 cuiusvis
465 2340 547 2376 anni
569 2340 775 2386 archontem
807 2351 886 2375 cum
909 2340 1115 2375 consulibus
1139 2340 1307 2375 Romanis
1331 2347 1562 2384 componeret
1586 2342 1694 2387 olym—

158 2399 349 2446 piadisque
369 2402 405 2434 et
422 2398 683 2443 olympionicae
706 2397 922 2432 mentionem
943 2408 1008 2432 suo
1035 2398 1113 2433 loco
1128 2398 1274 2433 faceret.
1293 2397 1461 2441 Exempli
1477 2408 1528 2441 gr.
1538 2398 1627 2433 XIX.
1638 2400 1693 2434 77.

158 2457 220 2492 τοῦ
245 2457 282 2490 δέ
305 2458 399 2493 ἔτους
423 2457 543 2488 τούτου
567 2454 759 2493 διελθόντος
775 2454 941 2499 ’Λθηνῆοι
964 2456 1025 2493 μὲν
1049 2448 1132 2499 ἆρχε
1146 2455 1309 2493 Πολέμων
1324 2457 1360 2488 ἐν
1377 2455 1485 2501 Ρώμῃ
1499 2455 1528 2488 δ’
1542 2455 1694 2501 ὑπῆρχον

157 2515 284 2551 ὕπατοι
311 2514 445 2550 Λειῖκιος·
469 2512 640 2554 Παπίριος
664 2512 701 2544 τὸ
727 2516 880 2551 πέμπτον
904 2513 959 2545 καὶ
980 2513 1082 2551 Γάϊος
1118 2512 1261 2551 ’Ῑοιῖνιος·
1294 2511 1395 2555 ἤχθη
1427 2512 1471 2545 δὲ
1502 2513 1565 2546 καὶ
1591 2514 1692 2552 ὄλυμ-

157 2573 239 2608 πιιὶς
269 2572 354 2605 κατά
384 2569 504 2604 τοῦτον
539 2570 596 2602 τὸν
628 2570 780 2603 ἐνιαυτὸν
814 2570 944 2613 ἑβδομή
979 2570 1062 2615 πρὸς
1091 2576 1167 2608 ταῖς
1195 2569 1311 2603 ἑκατὸν
1347 2570 1400 2602 καὶ
1430 2570 1508 2604 δέκα
1539 2571 1619 2605 καθ’
1649 2571 1692 2617 ἥν

157 2633 286 2665 ἐνίκα..
378 2626 492 2670 Quam
517 2630 629 2661 totam
659 2626 833 2662 rationem
858 2636 903 2662 ex
928 2626 1143 2670 Apollodori
1166 2631 1326 2671 χρονικοις
1349 2627 1546 2664 Diodorum
1572 2640 1690 2674 sump-

157 2687 247 2722 sisse
272 2686 304 2721 si
328 2685 446 2727 dices,
471 2695 543 2719 non
566 2684 694 2728 procul
725 2695 746 2719 a.
776 2684 925 2720 veritate
948 2684 1143 2719 recesseris
1173 2685 1231 2726 (ct.
1254 2683 1347 2720 Xlll.
1374 2685 1449 2721 103.
1472 2688 1505 2722 4.
1541 2688 1616 2723 108.
1643 2689 1689 2730 1).

157 2742 267 2788 Apud
299 2742 497 2778 Diodorum
535 2741 642 2786 igitur
677 2741 889 2786 olympiadis
924 2752 1036 2776 annus
1075 2750 1216 2784 semper
1254 2741 1288 2777 ei
1325 2753 1418 2778 anno
1451 2743 1688 2780 astronomico

155 2800 369 2846 respondet,
408 2810 479 2843 quo
504 2798 622 2834 medio
659 2797 720 2833 ille
754 2798 894 2845 incipit,
927 2803 1052 2835 contra
1079 2798 1251 2843 Polybius
1282 2809 1424 2844 semper
1445 2800 1585 2836 initium
1605 2801 1688 2838 anni
