1898 3104
946 187 969 224 6

298 321 347 363 In
375 320 475 374 ipsis
503 318 745 371 fragmentis
760 320 798 368 δ’)
826 317 969 359 ordine
991 317 1237 361 collocandis
1256 323 1300 361 et
1320 320 1372 362 ad
1390 325 1544 364 certum
1562 327 1721 374 tempus

176 391 416 435 >referendis
445 391 547 433 haec
576 389 751 432 tenenda
781 392 888 431 sunt.
1017 447 1019 449 Ι

275 464 314 516 1)
349 462 520 504 Praeter
560 462 846 513 argumentum
885 459 1243 513 (magistratuum,
1280 460 1510 514 legatorum
1547 462 1722 511 nomina,

352 536 515 587 partem
536 530 647 573 orbis
669 534 886 582 terrarum,
913 529 963 571 de
984 541 1065 583 qua
1090 542 1224 572 sermo
1243 533 1323 582 est)
1349 532 1547 585 imprimis
1575 531 1723 586 respici

356 616 431 646 nec
467 602 550 645 ullo
587 600 707 643 modo
750 599 914 642 turbari
951 600 1076 643 debet
1114 602 1260 655 series,
1308 614 1392 656 qua
1431 604 1616 658 singulae
1653 615 1722 645 ex-

352 678 587 727 cerptorum
617 671 795 714 familiae
822 671 864 713 11.
893 684 987 713 mm.
1013 672 1277 726 praebentur.

273 750 314 800 2)
350 746 557 796 Quantum
586 743 641 785 ad
669 742 811 794 libros,
841 742 891 785 de
919 742 1069 796 quibus
1098 744 1249 796 agitur,
1274 745 1438 797 attinet,
1464 744 1719 798 proficiscen-

351 817 446 858 dum
475 820 540 857 est
569 814 621 856 ab
649 813 852 866 excerptis
875 813 925 855 (le
952 813 1234 866 legationibus
1255 819 1486 858 exterarum
1510 816 1722 857 nationum

351 888 522 929 Romam
551 884 685 927 missis
717 885 822 937 (exc.
855 884 892 926 d.
918 884 945 926 l.
970 885 1037 937 A),
1069 885 1215 938 quibus
1243 898 1315 928 suo
1337 886 1438 938 loco,
1467 885 1539 927 sed
1567 887 1721 928 utrius-

346 970 424 1010 que
459 956 639 998 familiae
668 955 811 997 ordine
857 959 1022 998 servato
1064 955 1285 998 inserenda
1317 961 1413 998 sunt
1443 960 1636 1009 excerpta
1667 956 1720 998 de

349 1026 628 1080 legationibus
667 1026 797 1067 Roma
842 1025 896 1067 ad
933 1030 1095 1069 exteras
1134 1027 1323 1069 nationes
1361 1026 1496 1067 missis
1538 1027 1629 1078 (exc
1678 1026 1719 1068 d.

350 1100 377 1141 l.
408 1100 460 1151 B)
481 1121 532 1128 —
553 1109 634 1150 qua
663 1097 704 1138 in
733 1109 779 1138 re
808 1109 900 1138 cum
927 1096 1049 1150 plane
1077 1097 1263 1139 diversae
1289 1096 1469 1138 familiae
1499 1096 1583 1138 sint
1612 1098 1646 1138 A
1677 1099 1721 1139 et

351 1171 397 1221 Β,
433 1168 570 1211 Ursini
596 1167 876 1209 collocationis
898 1168 1005 1209 ratio
1035 1167 1146 1208 nulla
1175 1166 1361 1209 habenda
1399 1171 1463 1209 est
1494 1190 1540 1196 -—
1570 1167 1721 1209 deinde

353 1243 549 1292 excerpta
577 1238 626 1280 de
649 1238 758 1279 vitiis
780 1244 823 1280 et
852 1238 1076 1280 virtutibus
1105 1239 1207 1290 (exc.
1225 1237 1501 1290 Peiresciana)
1529 1241 1724 1291 excerpta

353 1311 538 1363 gnomica
558 1309 660 1359 (exc.
673 1307 894 1356 Vaticana)
913 1307 995 1349 alia
1016 1312 1058 1349 et
1076 1318 1181 1360 quae
1200 1312 1418 1360 praeterea
1431 1308 1483 1349 ab
1495 1308 1720 1362 Athenaeo,

353 1381 492 1432 Suida‚
522 1379 669 1420 ceteris
697 1382 864 1419 servata
890 1381 1002 1419 sunt.

272 1454 312 1501 3)
349 1454 644 1505 Excerptorum
675 1448 713 1491 cl.
735 1447 761 1490 l.
783 1449 832 1501 A,
861 1460 968 1502 quae
988 1460 1038 1490 ex
1058 1447 1205 1490 ltaliae
1228 1447 1401 1490 historia
1418 1450 1584 1501 sumpta
1607 1450 1718 1501 suut,

350 1534 502 1575 magna
542 1532 641 1574 pars
681 1520 733 1560 ad
772 1519 867 1560 anni
903 1519 1066 1560 initium
1105 1521 1284 1571 spectat,
1325 1530 1404 1571 quo
1440 1531 1530 1560 cum
1579 1519 1721 1560 statim

352 1597 447 1647 post
473 1603 598 1634 novos
626 1590 910 1643 inagistratUS‚
940 1590 1183 1642 priusquam
1211 1589 1398 1631 consules
1428 1590 1469 1631 in
1489 1590 1720 1638 provincias

352 1662 720 1718 proficiscerentur,
771 1664 942 1702 senatus
986 1659 1177 1711 daretur,
1233 1663 1467 1702 exterarum
1511 1660 1721 1702 nationum

350 1735 477 1788 legati
503 1733 682 1786 undique
704 1732 877 1774 Romam
904 1730 1196 1773 conveniebant
1208 1730 1260 1784 ⁴).

297 1806 456 1858 Quibus
484 1802 735 1857 praemissis,
764 1801 817 1843 ad
847 1801 1010 1854 singula
1037 1801 1079 1842 ll.
1107 1800 1460 1843 XXX—XXXIII
1484 1799 1721 1853 fragmenta

188 1877 409 1921 tractanda
437 1874 632 1917 accedere
659 1872 811 1915 licebit.
876 1872 1026 1914 Postea
1051 1884 1133 1914 uno
1163 1883 1328 1924 quoque
1355 1871 1408 1914 ad
1440 1884 1554 1914 suum
1585 1871 1721 1915 locum

185 1954 229 1992 et
261 1954 423 2000 tempus
453 1945 587 1988 relato
618 1944 669 1986 de
698 1942 1023 1996 fragmentorum
1052 1942 1093 1985 in
1121 1942 1246 1985 libros
1273 1942 1541 1996 dispositione
1559 1943 1719 1986 dicendi

185 2020 296 2061 locus
327 2018 417 2060 erit.

295 2087 466 2138 Libri⁵)
490 2084 610 2127 XXX
640 2095 696 2125 cc.
719 2086 821 2124 1-5
851 2085 905 2134 (A
931 2083 1002 2135 93)
1031 2082 1085 2124 ad
1111 2082 1208 2123 anni
1238 2086 1313 2123 167
1344 2083 1503 2125 initium
1533 2088 1721 2136 spectare

184 2160 292 2202 Livii
319 2156 432 2200 XLV
474 2168 528 2197 cc.
563 2156 720 2197 19—-25
750 2153 986 2195 ostendunt.
1053 2152 1243 2194 Ceterum
1277 2152 1529 2195 Rhodiorum
1560 2153 1719 2206 legatos

278 2301 317 2344 8)
340 2299 396 2334 De
419 2298 694 2342 fragmentorum
719 2298 937 2334 Constantin.
969 2297 1113 2333 familiis
1138 2301 1173 2332 et
1202 2296 1321 2332 indole
1352 2296 1395 2333 cf.
1421 2296 1622 2333 Schulzium
1650 2297 1719 2335 dis-

185 2363 363 2394 serentem
389 2356 432 2390 de
457 2355 635 2398 excerptis
659 2355 969 2390 Constantinianis.
1003 2355 1149 2389 Bonnae
1176 2354 1272 2389 1866.

275 2416 314 2457 4)
331 2413 415 2447 ’Liv.
440 2411 625 2445 XXXVIl.
651 2414 682 2447 3.
705 2412 761 2447 49.
796 2411 963 2448 XXXIX.
989 2412 1043 2447 33.
1064 2413 1118 2446 46.
1158 2410 1234 2445 XL.
1260 2413 1292 2446 2.
1314 2413 1368 2447 20.
1404 2411 1497 2447 XLI.
1522 2412 1578 2447 48.
1604 2412 1718 2449 XLII.

186 2474 224 2505 11
254 2481 300 2505 ss.
326 2468 457 2503 XLIV.
484 2468 535 2501 19.
571 2468 629 2502 all.

276 2527 314 2572 5)
340 2525 469 2570 Capita
483 2525 676 2559 secundum
691 2524 732 2560 L.
751 2525 927 2561 Dindorfii
953 2524 1140 2561 editionem
1158 2524 1320 2569 (Lipsiae
1340 2524 1427 2560 1866
1440 2525 1582 2569 -1868)
1607 2527 1719 2563 allata

183 2589 275 2620 sunt.
324 2583 468 2617 Literae

311 2640 360 2673 A:
388 2649 462 2673 exc.
489 2638 532 2673 de
559 2639 796 2683 legationibus
822 2642 1025 2674 exterarum
1049 2639 1232 2673 nationum
1256 2638 1403 2673 Romam
1427 2639 1545 2674 missis

310 2697 355 2731 B:
383 2706 456 2731 exc.
483 2694 528 2731 de
553 2695 791 2740 legationibus
815 2696 930 2731 Roma
949 2694 995 2732 ad
1020 2700 1163 2731 exteras
1187 2695 1352 2731 nationes
1376 2695 1495 2731 missis

310 2754 356 2789 P:
383 2763 459 2788 exc.
484 2754 529 2788 de
554 2753 742 2789 virtutibus
768 2758 805 2788 et
828 2754 925 2789 vitiis
951 2753 1251 2798 (Peirescianum)

310 2811 361 2847 V:
387 2819 462 2846 exc.
484 2810 684 2855 gnomicum
709 2810 958 2856 (Vaticanum)
