1898 3104
934 161 984 200 13

187 291 412 336 secundum
439 293 705 350 Polybianam
736 293 957 336 rationem.
1024 293 1140 345 Quae
1168 305 1260 337 cum
1290 293 1351 336 ita
1379 293 1476 346 sint,
1504 296 1723 347 utrumque

186 362 459 417 fragmentum
489 364 544 406 ad
569 375 723 406 annum
755 366 831 405 162
863 363 1044 406 medium
1080 364 1108 406 i.
1136 376 1170 406 e.
1210 363 1264 406 ad
1301 376 1481 407 mensem
1519 363 1722 407 Martium

187 433 273 477 fere
301 435 524 477 secundum
553 438 738 476 nostram
768 435 967 476 rationem
996 434 1142 477 refero,
1207 435 1355 488 Aliqua
1393 435 1579 488 profecto
1617 434 1723 477 diffi-

187 504 322 547 cultas
350 504 525 557 residet,
562 516 657 546 nam
686 505 765 547 etsi
792 505 1061 557 concesseris,
1095 505 1283 548 Antiochi
1309 505 1470 559 legatos
1507 518 1592 548 non
1626 501 1724 559 post

189 574 444 628 Torquatum
472 579 514 617 et
533 574 733 617 Merulam
762 587 949 628 egressos
979 575 1151 617 Romam
1179 576 1352 626 venisse,
1381 579 1520 618 tamen
1551 577 1617 618 vix
1646 575 1721 618 tibi

187 645 479 698 persuadebis,
527 646 779 687 Demetrium
828 657 990 698 quoque
1028 649 1153 687 antea
1192 645 1412 697 aufugisse.
1477 648 1582 689 Tum
1623 659 1721 689 vero

188 715 456 758 statuendum
483 718 567 766 est,
605 714 827 769 Menyllum
853 727 931 757 non
963 709 1045 757 una
1075 726 1165 757 cum
1196 714 1345 768 legatis
1368 716 1562 759 Romanis
1589 716 1722 759 Roma

188 786 430 839 excessisse,
468 786 539 829 sed
577 799 625 829 eo
663 786 829 828 consilio
843 820 853 839 ,
894 789 942 828 ut
978 785 1119 839 fugam
1157 785 1355 828 Demetrii
1390 786 1627 839 adiuvaret,
1663 787 1721 830 ibi

188 858 449 900 remansisse.
481 858 594 900 Haec
620 870 716 900 vero
739 858 957 910 sententia,
985 858 1064 900 etsi
1083 857 1255 900 diversis
1276 860 1528 911 argumentis
1547 858 1721 912 defendi,

189 930 328 969 tamen
360 941 441 970 non
469 929 557 970 sine
585 928 757 970 audacia
786 927 885 970 ferri
912 931 1064 981 potest.

297 999 475 1041 Restant
503 998 652 1041 Suidae
691 998 815 1040 verba
853 997 877 1039 ὁ
904 998 955 1039 δὲ
981 997 1221 1053 Δημήτριος
1248 1004 1530 1052 προσανέχων
1557 1001 1612 1054 τῇ
1638 1014 1722 1040 πα-

188 1073 342 1126 ρουσίᾳ
370 1070 449 1111 τοῦ
474 1068 932 1124 διαποσταλησομένου
969 1068 1079 1123 προΪς
1119 1067 1255 1110 αὐτόν
1288 1069 1339 1122 (c.
1369 1071 1432 1112 23.
1468 1069 1548 1123 13).
1605 1069 1721 1122 Quae

189 1141 316 1184 verba
341 1141 494 1191 Schw.‚
534 1152 624 1182 cum
651 1139 881 1193 fragmento
911 1140 960 1181 A.
988 1141 1066 1181 114
1092 1140 1216 1182 inseri
1243 1151 1323 1181 non
1353 1140 1532 1193 possint,
1575 1144 1721 1184 contra

187 1213 343 1265 optime
369 1212 422 1253 ad
452 1211 676 1253 Diodorum
704 1210 902 1253 Demetrii
937 1210 1223 1262 educatorem,
1267 1223 1389 1263 quem
1427 1213 1640 1264 praemisit
1676 1213 1720 1254 in

189 1282 352 1335 Syriam
383 1283 464 1334 (20.
493 1285 530 1323 2.
572 1285 636 1323 21.
664 1282 715 1333 1),
743 1280 998 1332 referantur,
1038 1281 1091 1322 ad
1121 1280 1374 1322 Demetrium
1403 1282 1444 1323 in
1471 1282 1599 1334 Lycia
1627 1294 1719 1324 ver-

190 1357 349 1395 santem
373 1352 543 1406 (Zonar.
563 1352 634 1394 IX.
658 1352 731 1404 26]
760 1363 834 1393 suo
864 1352 953 1393 iure
980 1351 1136 1393 retulit.
1194 1351 1343 1393 Danda
1366 1356 1490 1394 erunt
1507 1364 1616 1394 anno
1642 1355 1719 1394 162

188 1423 353 1466 exeunti
382 1422 480 1478 (aut
506 1423 661 1465 ineunti
691 1434 728 1464 a.
752 1423 846 1474 161)
875 1426 918 1464 et
942 1420 1124 1475 profecto
1153 1434 1201 1464 ex
1225 1421 1367 1475 Syriae
1397 1435 1477 1465 non
1505 1435 1556 1465 ex
1573 1423 1722 1466 italiae

188 1493 364 1535 historia
393 1493 591 1545 originem
627 1492 844 1535 duxerunt.
913 1491 1185 1533 Nihilominus
1223 1503 1305 1533 non
1342 1492 1494 1534 iniuria
1529 1496 1721 1547 excerpto

189 1564 238 1607 A.
260 1567 337 1606 114
364 1564 547 1617 proxime
575 1567 864 1615 annectuntur,
893 1563 989 1615 quia
1019 1563 1109 1605 sine
1137 1563 1313 1604 audacia
1340 1563 1589 1606 contendere
1614 1564 1723 1618 licet,

189 1647 257 1677 res
276 1634 471 1676 Demetrii
490 1645 570 1676 uno
588 1636 730 1675 tenore
752 1645 841 1675 esse
861 1636 1053 1675 narratas
1071 1637 1083 1659 ¹
1096 1632 1146 1685 ²).
1188 1633 1274 1675 Iam
1297 1632 1387 1675 dico
1414 1633 1545 1676 locum
1571 1633 1722 1677 habere

189 1718 270 1748 exc.
303 1705 351 1747 V.
378 1709 455 1747 140
483 1706 533 1756 (c.
553 1704 659 1757 1521),
685 1704 795 1757 quod
826 1704 1048 1757 respondet
1075 1704 1247 1746 Diodori
1275 1703 1344 1746 lib.
1368 1705 1507 1747 XXXI
1529 1718 1561 1748 c.
1574 1708 1624 1746 22
1646 1706 1721 1759 Ι3).

190 1776 485 1828 Fragmentum
506 1774 674 1816 Diodori
703 1774 824 1825 enim,
856 1777 1054 1827 quantum
1084 1786 1134 1815 ex
1162 1774 1304 1816 ordine
1332 1775 1722 1828 excerptorumPei-

188 1846 466 1888 rescianorum
494 1844 752 1898 perspicitur,
788 1844 907 1887 annis
940 1847 1148 1886 163-161
1182 1844 1361 1887 dandum
1391 1849 1467 1888 est.
1537 1846 1626 1897 Quo
1652 1858 1722 1889 ac-

191 1917 374 1963 curatius
397 1928 445 1959 ex
461 1915 713 1969 argumentis
732 1914 918 1968 internis,
941 1925 1046 1968 quae
1056 1917 1267 1969 vocantur,
1290 1919 1450 1969 tempus
1471 1917 1722 1960 constituere

188 1990 297 2033 licet.
353 1988 533 2030 Primum
561 1987 669 2029 enim
706 1987 790 2029 veri
828 1989 894 2028 est
928 1986 1197 2039 simillimum,
1236 1988 1449 2030 Artaxiam
1490 1989 1591 2030 talia
1625 1992 1723 2042 post

189 2063 365 2103 mortem
394 2057 586 2101 Antiochi
614 2056 840 2112 Epiphanis
868 2056 1055 2099 molitum
1082 2068 1185 2109 esse,
1215 2069 1390 2112 quocum
1417 2059 1508 2101 vivo
1537 2058 1597 2101 illi
1624 2071 1722 2113 pro-

188 2131 297 2173 fecto
317 2130 446 2171 multo
470 2129 615 2180 magis,
642 2141 767 2180 quam
794 2140 884 2170 cum
912 2140 1010 2179 rege
1029 2127 1313 2180 Cappadociae
1332 2142 1398 2171 res
1417 2129 1574 2171 fuisset.
1604 2130 1721 2179 Quod

190 2199 366 2244 alterum
404 2201 488 2253 est,
516 2209 553 2241 a.
586 2200 660 2240 161
691 2197 887 2241 Artaxias
926 2200 1037 2241 certe
1076 2197 1250 2252 negotiis
1294 2197 1423 2242 multo
1460 2199 1722 2253 gravioribus

281 2381 341 2420 12)
365 2379 443 2414 ΡΟῙ.
468 2378 582 2413 XXX.
610 2380 694 2414 1221
734 2379 828 2422 ἡμεῖς
855 2379 892 2412 δὲ
924 2379 1284 2421 συγκεφαλαιωσοέμενοι
1321 2379 1385 2422 τήν
1425 2380 1547 2412 τούτου
1575 2379 1723 2413 κάθοδον

189 2438 398 2475 ἐπανάξομεν
430 2436 493 2481 τήν
524 2436 678 2480 διήγησιν
709 2436 768 2470 ἐπὶ
807 2436 871 2480 τήν
900 2437 1096 2481 εἰθισμένην
1130 2437 1246 2476 τάξιν,
1282 2429 1306 2484 ᾗ
1335 2436 1501 2482 χρώμεθα
1532 2437 1612 2483 παρ’
1643 2436 1722 2481 ὅλην

188 2495 253 2539 τήν
277 2498 524 2541 πραγματείαν·
548 2495 602 2527 καὶ
627 2494 691 2539 γάρ
721 2494 781 2528 νῖν
811 2492 1018 2539 ὑπερβάντες
1040 2494 1085 2528 ταὶ
1114 2495 1200 2528 κατά
1229 2496 1293 2539 τήν
1318 2494 1462 2529 Ἑλλάδα
1495 2495 1721 2542 προελάβομεν

188 2550 258 2587 uzu
288 2552 373 2585 narsi
405 2553 469 2596 τήν
494 2552 612 2585 Ἀσίαν
645 2552 689 2585 τά
719 2551 805 2585 κατὰ
842 2553 906 2596 τήν
936 2552 1188 2585 Καππαδοκίαν
1222 2552 1279 2586 διὰ
1314 2553 1352 2587 τό
1389 2553 1556 2597 μηδεμίαν
1591 2552 1722 2595 εὔλογον

188 2611 279 2653 ἔχειν
303 2610 463 2654 διαίρεσιν
489 2610 547 2643 τὸν
568 2612 602 2644 ἐκ
628 2610 689 2653 τῆς
706 2610 851 2648 Ἰταλίας
873 2610 1049 2644 ἀπόπλουν
1072 2610 1126 2642 καὶ
1140 2611 1204 2654 τήν
1221 2611 1278 2644 ἐπὶ
1297 2610 1341 2644 ἰα’
1365 2611 1553 2656 πράγματα
1574 2609 1722 2643 κάθοδον

189 2666 250 2700 ἰοἶῖ
269 2666 493 2713 Ἀριαράθου.

282 2727 340 2768 13)
365 2723 517 2761 Diodori
539 2719 737 2769 fragmenta
759 2723 955 2761 secundum
977 2723 1063 2760 edit.
1085 2723 1266 2761 Dindorfii
1288 2723 1455 2768 (Lipsiae
1481 2724 1586 2768 1868)
1610 2721 1723 2759 allata

188 2786 279 2817 sunt.
