1898 3104
945 146 969 184 9

189 278 279 330 Quo
306 278 514 332 pertineat
546 278 764 320 Strabonis
791 278 904 321 locus
935 279 1023 333 (15.
1054 282 1090 319 5.
1121 277 1181 333 6),
1211 290 1262 320 ex
1288 278 1375 320 Liv.
1406 278 1530 320 XLV.
1559 281 1613 320 34
1647 290 1722 331 ap-

187 352 328 404 paret,
366 350 435 392 ubi
463 349 639 401 Paulus,
667 349 906 403 priusquam
945 350 986 392 in
1026 349 1204 403 patriam
1236 349 1419 402 redierit,
1455 348 1721 403 septuaginta

188 419 455 474 Epirotarum
484 420 606 461 urbes
629 419 846 472 diripuisse
870 420 1031 462 dicitur.
1088 420 1328 462 Aretissime
1349 431 1440 462 cum
1465 419 1537 461 illo
1556 419 1721 462 videtur

188 491 355 545 quidem
392 491 614 534 cohaerere
656 490 702 534 P.
728 493 776 533 81
818 492 905 545 (14.
948 490 1099 544 7—9),
1153 491 1264 545 quod
1300 491 1488 533 iusserim
1536 491 1720 544 proxime

106 571 116 580 ‘
186 562 439 604 antecedere.
497 562 582 604 Nec
610 574 805 614 magnum
833 566 945 604 certe
968 562 1076 603 inter
1104 562 1148 603 P.
1174 562 1220 602 81
1255 566 1299 603 et
1326 562 1370 604 P.
1394 566 1448 604 80
1476 562 1563 617 (14.
1592 563 1719 615 1-6)

187 632 452 675 intervallum
491 632 757 674 statuendum
802 636 867 674 est
902 635 1076 686 propter
1116 632 1250 685 prima
1287 632 1457 675 alterius
1497 633 1720 687 fragmenti

190 703 317 745 verba
346 701 412 745 ὅτι
438 703 551 744 κατά
579 699 889 756 τῆν”Ηπειρον
926 702 1214 757 παραπλήσια
1240 701 1406 751 τούτοις
1437 704 1653 758 ἔπραττον
1668 703 1718 755 ⁸).

186 774 337 817 Restat
372 773 573 817 Athenaei
618 773 733 816 locus
778 773 907 828 (XIV.
937 776 1015 815 615
1046 773 1185 815 A—E.
1222 785 1254 816 c.
1289 773 1361 826 13]
1402 785 1481 827 quo
1517 773 1569 816 de
1607 773 1718 816 ludis

187 857 323 886 sermo
351 848 439 896 est,
473 856 573 897 quos
603 844 650 884 L.
678 844 858 895 Anicius,
885 847 1105 895 postquam
1136 843 1414 892 Quirinalibus
1451 844 1504 884 de
1543 843 1719 885 Genthio

186 918 229 958 et
253 914 405 969 Illyriis
440 913 733 967 triumphavit,
775 912 928 967 populo
967 913 1095 956 dedit.
1153 912 1214 955 De
1254 925 1338 966 qua
1385 925 1430 956 re
1467 925 1718 967 quamquam

185 985 326 1029 Livius
354 984 523 1028 annales
553 987 718 1027 secutus
746 983 848 1025 nihil
876 983 1069 1037 praebet,
1111 987 1267 1036 tamen,
1306 984 1404 1026 dum
1433 984 1516 1026 alia
1544 985 1720 1038 vestigia

187 1057 349 1108 desunt,
379 1059 566 1097 statuere
597 1055 749 1105 licebit,
779 1056 1060 1097 narrationem
1091 1056 1212 1096 ist-am
1243 1067 1333 1096 cum
1362 1055 1494 1107 ipsius
1521 1057 1719 1110 triumphi

189 1127 466 1180 descriptione
506 1127 760 1169 coniunctam
804 1125 943 1169 fuisse.
1006 1126 1092 1168 Iam
1132 1125 1228 1168 inde
1258 1125 1480 1169 difficultas
1520 1128 1718 1180 nascitur,

187 1198 297 1252 quod
336 1197 567 1251 triumphus
606 1197 736 1238 Anicii
775 1197 910 1238 medio
958 1208 1096 1248 mense
1134 1196 1359 1238 Februario
1388 1197 1485 1238 anni
1523 1200 1619 1248 166,
1653 1198 1717 1239 vel

183 1269 404 1312 secundum
445 1271 627 1310 nostram
665 1267 868 1309 rationem
909 1267 1018 1309 circa
1044 1267 1136 1308 Kal.
1169 1267 1265 1309 Dec.
1297 1279 1334 1309 a.
1369 1270 1443 1308 167
1484 1271 1602 1309 actus
1638 1277 1715 1321 est,

186 1351 275 1381 cum
305 1338 536 1391 fragmenta
562 1351 610 1380 ex
637 1338 808 1380 historia
838 1338 1049 1390 sequentis
1079 1339 1173 1379 anni
1203 1337 1334 1389 petita
1363 1338 1431 1390 (A.
1463 1340 1528 1379 96.
1557 1337 1633 1392 97)
1664 1339 1718 1381 ad

184 1411 392 1453 ineuntem
424 1421 463 1451 a.
498 1413 573 1451 167
603 1409 759 1451 hiemen
790 1412 991 1461 spectent.
1048 1408 1153 1450 Nam
1183 1408 1215 1449 si
1246 1420 1380 1449 rerum
1403 1420 1601 1450 conexum
1630 1421 1717 1451 ser-

183 1493 284 1523 vare
311 1480 470 1533 studes,
514 1479 660 1532 fragm.
698 1480 741 1522 in
769 1479 942 1520 historia
974 1491 1009 1521 a.
1044 1482 1120 1520 166
1151 1478 1388 1530 collocabis,
1430 1484 1573 1521 contra
1614 1484 1717 1522 tem-

181 1563 330 1604 porum
369 1550 573 1592 rationem
611 1549 779 1591 habenti
817 1549 893 1590 tibi
930 1561 1016 1590 exc.
1055 1548 1108 1589 ad
1148 1560 1183 1589 a.
1220 1552 1295 1590 167
1334 1549 1593 1591 referendum
1622 1550 1715 1592 erit.

183 1620 367 1663 Priorem
397 1620 598 1662 rationem
627 1620 659 1662 si
690 1619 886 1673 sequeris,
915 1619 974 1661 ita
994 1619 1365 1673 argumentaberis,
1393 1623 1441 1662 ut
1467 1620 1592 1673 dicas,
1620 1620 1716 1663 belli

186 1691 340 1733 Persici
368 1691 583 1732 historiam
619 1703 644 1732 a
671 1690 839 1743 Polybio
878 1690 966 1731 sine
1004 1690 1127 1731 dubio
1169 1689 1384 1742 triumphis
1423 1690 1715 1743 imperatorum

182 1762 401 1815 descriptis
425 1761 584 1804 finitam
611 1773 721 1814 esse,
760 1773 833 1803 nec
859 1760 1032 1813 cogitari
1059 1772 1190 1813 posse,
1217 1759 1433 1813 Polybium
1468 1760 1510 1802 iu
1538 1760 1714 1804 historia

182 1833 280 1875 anni
318 1835 394 1874 166
431 1831 580 1873 bellum
617 1831 717 1872 illud
754 1831 969 1883 repetiisse
1003 1830 1090 1872 solo
1120 1831 1249 1872 Anicii
1286 1831 1495 1884 triumpho
1530 1836 1714 1884 narrato,

182 1905 332 1958 quippe
359 1903 430 1956 qui
458 1902 614 1945 secerni
644 1914 725 1943 non
752 1905 896 1954 posset
922 1901 974 1944 ab
997 1901 1156 1943 Aemilii
1175 1902 1294 1943 Pauli
1317 1906 1361 1944 et
1380 1901 1542 1944 Octavii
1570 1903 1714 1945 trium-

167 1973 286 2028 phis.
342 1973 481 2015 Habet
508 1972 610 2014 haec
637 1972 964 2024 argumentatio,
990 1983 1072 2024 quo
1100 1972 1428 2026 commendetur,
1468 1985 1561 2015 cum
1594 1985 1716 2027 prae-

186 2045 329 2088 sertim
364 2044 561 2086 fulciatur
599 2043 707 2085 Livii
744 2056 882 2085 rerum
923 2042 1209 2096 dispositione,
1257 2047 1395 2086 tamen
1435 2044 1570 2086 altera
1607 2046 1715 2087 ratio

183 2117 313 2169 magis
349 2115 495 2169 placet.
563 2114 669 2156 Ludi
709 2114 816 2156 enlm
856 2113 915 2156 illi
944 2114 1215 2168 triumphales
1244 2119 1356 2157 certe
1392 2115 1500 2157 inter
1535 2128 1607 2158 eas
1644 2128 1713 2159 res

184 2186 388 2230 referendi
417 2189 533 2239 sunt,
563 2198 668 2238 quas
696 2185 890 2239 Polybius
920 2185 1038 2227 modo
1067 2186 1237 2227 Romam
1268 2190 1529 2229 transvectus
1555 2188 1713 2240 primas

181 2259 298 2311 vidit,
326 2258 473 2311 quibus
502 2257 608 2299 haud
638 2257 795 2299 modice
825 2261 960 2299 tactus
988 2260 1030 2299 et
1059 2261 1283 2300 commotus
1313 2262 1389 2311 est,
1418 2270 1525 2311 quae
1553 2270 1712 2313 semper

180 2331 220 2371 in
246 2330 383 2370 animo
419 2329 507 2369 eius
544 2327 790 2379 haeserunt,
829 2339 933 2380 quas
972 2332 1145 2380 propter
1180 2328 1224 2370 id
1259 2328 1391 2380 ipsum
1428 2340 1502 2370 suo
1540 2329 1630 2371 loco
1670 2333 1714 2371 et

270 2528 310 2572 8)
334 2527 502 2564 Ceterum
526 2528 605 2573 ipse
626 2527 808 2575 confiteor,
841 2528 934 2565 hanc
959 2528 1235 2574 fragmentorum
1273 2527 1546 2565 collocationem
1568 2529 1630 2575 (A.
1654 2529 1710 2568 94.

179 2587 225 2622 V.
252 2585 325 2620 136.
351 2586 391 2621 P.
407 2586 463 2621 80.
479 2588 534 2621 81.
556 2586 691 2625 Strab.)
716 2587 802 2622 satis
826 2586 968 2622 dubiam
995 2596 1084 2630 esse,
1108 2587 1193 2630 quia
1217 2591 1314 2621 certa
1333 2586 1540 2622 testimonia
1565 2597 1585 2622 e
1608 2588 1710 2623 Livio

179 2641 300 2679 afferri
324 2653 395 2678 non
417 2648 577 2688 possunt.
631 2643 837 2680 Dindorfius
860 2644 929 2679 hoc
955 2654 1098 2688 quoque
1124 2643 1205 2680 loco
1234 2644 1285 2679 nil
1309 2643 1380 2678 nisi
1402 2641 1711 2689 Schweighauseri

179 2699 342 2735 ordinem
366 2700 403 2735 in
428 2710 528 2736 suam
554 2698 746 2738 editionem
769 2701 918 2747 recepit,
944 2711 1157 2747 quamquam
1189 2701 1253 2738 ille
1281 2700 1392 2738 alium
1414 2700 1605 2738 rectiorem
1628 2702 1710 2747 ipse

178 2757 368 2809 proposuit
386 2756 472 2794 VII.
497 2758 573 2794 695.
595 2759 670 2795 697.
880 2755 882 2759 ’
