1898 3104
925 122 966 161 11

293 255 545 310 Excerptum
580 255 631 297 A.
675 256 753 296 102
797 253 967 309 (XXXI.
995 252 1043 309 2)
1079 253 1177 307 quia
1222 254 1287 296 ad·
1312 253 1459 297 Italiae
1503 252 1713 296 historiam

188 326 310 376 redit,
341 325 529 380 sequenti
545 335 654 367 anno
676 324 751 380 (ol.
774 327 864 367 153.
885 327 929 367 3:
950 323 1051 379 165)
1078 324 1337 367 tribuendum
1360 327 1437 372 est.
1492 323 1714 365 Praeterea

182 398 284 440 nihil
322 399 398 440 nisi
439 396 623 439 eiusdem
648 395 828 438 familiae
856 395 1004 449 ftagm.
1045 398 1121 438 103
1161 395 1312 450 (XXX.
1345 399 1410 438 20.
1442 393 1499 447 1),
1536 405 1711 448 quocum

183 469 272 511 sine
296 468 419 510 dubio
440 466 763 519 coniungendum
792 470 857 508 est
882 466 928 508 P.
944 468 996 508 82
1018 466 1169 520 (XXX.
1186 470 1249 507 20.
1269 467 1410 519 2—8),
1440 466 1518 508 buc
1537 468 1710 518 spectat.

291 539 352 580 Ex
379 538 553 579 historia
583 537 634 578 ol.
660 540 747 579 153.
773 541 799 578 4
827 535 952 591 (164)
980 540 1171 589 excerpta
1199 538 1246 577 A.
1268 540 1357 578 104.
1382 539 1458 578 105
1487 536 1565 589 (cc.
1581 533 1711 589 6-8)

180 610 315 664 petita
346 612 461 658 sunt,
486 607 634 660 quibus
663 607 712 649 de
740 606 862 649 Italia
892 606 1042 659 agitur.
1501 595 1504 596 ⁷

290 677 472 731 Sequens
502 678 552 719 de
594 677 870 730 legationibus
907 681 1140 729 excerptum
1169 676 1216 717 A.
1250 678 1338 717 106.
1377 677 1431 729 (c.
1463 675 1510 731 9)
1546 677 1586 718 in
1615 688 1711 729 pro-

180 749 325 803 patulo
356 753 421 791 est
450 749 501 790 ad
527 761 678 790 annum
711 751 786 789 163
817 747 888 800 (ol.
913 746 1067 801 154.1)
1096 747 1316 800 pertinere.
1374 747 1561 789 Tiberius
1591 746 1710 800 enim,

181 819 251 873 qui
283 818 527 861 Gammanos
555 818 631 861 sub
653 818 926 860 Romanorum
954 817 1166 870 imperium
1198 817 1409 869 subegisse
1437 816 1602 868 dicitur,
1627 828 1710 858 non

181 890 232 933 ad
266 890 448 944 legatum
476 889 528 931 ad
559 901 624 931 res
651 889 773 931 Asiae
799 888 1075 942 inspiciendas
1104 888 1273 930 missum
1292 887 1399 943 (Pol.
1421 887 1572 930 XXXI.
1591 891 1628 930 5.
1650 886 1709 942 1),

182 962 253 1015 qui
284 960 526 1004 Gammanos
557 961 583 1002 i.
614 971 649 1002 e.
686 963 849 1012 partem
883 953 1167 1013 Cappadociae
1205 959 1431 1012 subegerit,
1470 958 1709 1001 referendus

182 1042 266 1083 est,
304 1032 344 1074 id
373 1032 482 1085 quod
521 1030 904 1083 Schweighauserus
933 1029 1081 1082 voluit,
1117 1030 1191 1072 sed
1222 1030 1283 1073 Ti.
1315 1030 1579 1084 Sempronius
1607 1029 1655 1073 P.
1680 1028 1708 1072 f.

180 1103 242 1144 Ti.
282 1115 320 1143 n.
360 1102 568 1143 Gracchus
605 1101 702 1142 anni
743 1104 819 1142 163
856 1101 995 1142 consul
1032 1101 1109 1142 fuit
1146 1100 1267 1153 (fasti
1303 1112 1413 1142 cons.
1454 1098 1602 1154 Cap.)‚
1637 1100 1708 1153 qui

177 1173 328 1216 bellum
369 1176 512 1214 contra
552 1171 797 1214 Cammanos
838 1171 902 1213 vel
940 1170 1204 1222 Commonos,
1248 1176 1414 1224 gentem
1455 1170 1707 1223 Ligusticam

180 1244 289 1287 inter
317 1242 541 1285 Massiliam
581 1247 623 1284 et
651 1242 816 1284 Niceam
845 1254 974 1295 prope
1002 1254 1117 1284 mare
1154 1242 1409 1284 habitantem
1439 1242 1567 1293 gessit
1594 1241 1704 1294 (Liv.

179 1327 243 1368 ep.
283 1314 353 1356 lib.
389 1312 558 1367 XLVI).
622 1313 847 1365 Propterea
882 1312 1048 1354 dubium
1088 1324 1168 1354 non
1207 1316 1362 1362 restat,
1399 1313 1495 1366 quin
1535 1312 1589 1353 ab
1629 1310 1706 1354 hoc

177 1385 408 1437 fragmento
447 1395 576 1426 novus
613 1395 744 1426 annus
781 1387 831 1425 et·
860 1394 967 1425 nova
1005 1382 1203 1436 olympias
1236 1382 1419 1435 incipiat.
1484 1381 1562 1425 Cui
1595 1393 1704 1424 anno

181 1459 257 1498 163
286 1458 504 1508 praeterea
543 1453 761 1497 tribuenda
791 1457 888 1495 sunt
924 1453 972 1496 A.
1005 1457 1083 1496 107
1117 1453 1174 1508 (c.
1207 1454 1277 1506 12)
1310 1456 1386 1496 109
1415 1454 1470 1507 (c.
1504 1452 1575 1508 14)
1601 1464 1707 1506 quae

179 1527 229 1569 ad
262 1526 421 1568 Italiam
460 1528 663 1579 spectant.
728 1524 931 1578 Respecto
969 1524 1059 1577 illo,
1100 1524 1152 1566 de
1178 1537 1257 1578 quo
1287 1536 1415 1577 supra
1443 1523 1598 1566 dictum
1629 1527 1706 1573 est,

178 1597 360 1649 circuito,
386 1600 434 1639 ut
462 1596 520 1637 ita
549 1595 692 1647 dicam,
721 1595 921 1638 historiae.
947 1607 971 1637 a
991 1595 1158 1649 Polybio
1176 1596 1403 1639 constituto
1424 1595 1505 1637 iam
1521 1594 1706 1648 proxime

176 1667 369 1722 ponenda
396 1669 492 1709 sunt
521 1669 711 1720 excerpta
739 1678 788 1708 ex
815 1666 977 1709 Rhodia
1006 1666 1179 1709 historia
1209 1667 1257 1709 A.
1281 1670 1358 1708 110
1377 1665 1433 1722 (c.
1456 1664 1528 1721 16)
1557 1667 1605 1709 Α.
1629 1668 1701 1708 111

178 1738 234 1792 (c.
263 1738 348 1792 17).
406 1738 563 1789 Quibus
599 1737 707 1790 quod
743 1738 958 1780 Bekkerus
995 1739 1189 1792 apposuit
1231 1738 1275 1781 V.
1305 1741 1382 1781 143
1416 1738 1471 1793 (c.
1505 1737 1611 1793 l7a)
1649 1737 1703 1779 ad

176 1820 330 1851 annum
363 1811 439 1850 160
480 1807 620 1861 potius
662 1806 810 1850 referri
850 1807 984 1850 debet.
1058 1808 1216 1850 Deinde
1257 1808 1445 1861 Pergami
1485 1808 1584 1850 anni
1627 1810 1702 1850 163

175 1878 373 1920 historiae
400 1878 585 1919 dandum
614 1878 694 1919 erit
720 1869 767 1918 P.
796 1880 849 1919 83
880 1877 935 1931 (c.
967 1876 1060 1931 10),
1098 1891 1191 1920 nam
1221 1878 1366 1921 Gallus
1385 1884 1395 1905 ¹
1413 1877 1465 1932 Ι),
1493 1879 1564 1931 qui
1593 1878 1703 1920 omni

177 1949 296 1992 modo
316 1949 359 1991 in
378 1947 603 1990 Eumenem
624 1947 839 2001 invehitur,
869 1960 948 1990 non
978 1947 1122 1990 dubito
1153 1948 1253 2002 quin
1281 1948 1389 1991 idem
1417 1949 1486 2004 sit,
1515 1960 1639 2003 quem
1656 1960 1705 1991 eo

175 2032 284 2062 anuo
312 2032 403 2061 cum
431 2017 569 2061 Manio
598 2018 742 2072 Sergio
772 2022 820 2061 ut
853 2018 1024 2061 consilia
1052 2020 1243 2062 Antiochi
1274 2023 1318 2062 et
1346 2019 1542 2063 Eumenis
1569 2019 1706 2074 explo-

176 2097 289 2132 raret
314 2091 355 2132 in
385 2089 526 2131 Asiam
561 2091 728 2131 missum
755 2102 859 2142 esse,
897 2102 929 2132 c.
959 2093 996 2133 9.
1026 2093 1052 2132 8
1089 2090 1295 2133 docemur.
1361 2091 1446 2134 Nec
1473 2103 1499 2133 a
1529 2091 1705 2133 veritate

176 2160 398 2211 aberrabit,
427 2161 499 2213 qui
520 2171 604 2202 exc.
627 2160 675 2202 V.
697 2163 773 2202 139
803 2159 859 2215 (c.
881 2164 930 2202 10
940 2160 987 2213 a)
1015 2161 1076 2203 illi
1104 2161 1406 2204 annectendum
1417 2173 1509 2203 esse
1529 2164 1702 2203 statuet.

176 2232 418 2285 Sequuntur
451 2243 474 2272 e
505 2230 791 2283 Cappadociae
828 2230 1000 2273 historia
1038 2236 1202 2285 sumpta
1238 2244 1320 2274 exc.
1348 2233 1395 2275 A.
1428 2235 1504 2273 112
1545 2232 1600 2281 (c.
1631 2232 1703 2285 15)

175 2302 222 2344 Β.
255 2305 330 2343 108
359 2303 413 2354 (c.
447 2300 531 2355 13),
571 2313 743 2353 quorum
769 2302 885 2354 prius
914 2302 1161 2345 antecedere
1189 2303 1328 2353 debet,
1366 2303 1465 2356 quia
1492 2315 1575 2344 non
1603 2307 1702 2345 ante

174 2372 394 2415 amicitiam
433 2384 523 2415 cum
555 2371 774 2414 Ariarathe
812 2384 837 2414 a
874 2376 1022 2415 sena-tu
1060 2377 1299 2416 renovatam
1335 2373 1465 2427 legati
1502 2374 1633 2416 Roma
1658 2374 1701 2416 in

175 2443 450 2502 Capadociam
478 2444 584 2485 mitti
612 2445 808 2496 poterant
834 2442 891 2498 (c.
914 2443 1001 2498 14).
1059 2443 1248 2487 Ceterum
1269 2444 1320 2487 de
1337 2445 1472 2498 priore
1493 2445 1701 2498 legatione

173 2514 224 2557 ad
257 2513 517 2556 Ariarathem
545 2514 670 2556 missa
705 2512 794 2569 (13,
825 2513 883 2568 1),
921 2514 1034 2557 cuius
1062 2517 1253 2568 princeps
1284 2515 1434 2558 dicitur
1461 2515 1517 2557 M.
1545 2516 1700 2567 Iunius,

176 2585 343 2628 aliunde
372 2585 473 2627 nihil
503 2588 754 2639 compertum
774 2584 985 2639 habemus,
1013 2585 1148 2628 altera
1167 2587 1292 2629 missa
1309 2590 1373 2629 est
1389 2587 1532 2630 nuntio
1551 2587 1700 2630 mortui

266 2737 325 2781 11)
350 2736 387 2771 C.
413 2735 594 2781 Sulpicius
618 2736 654 2772 C.
680 2736 701 2770 s.
729 2734 767 2771 C.
791 2746 823 2771 n.
849 2734 959 2772 Galus
985 2746 1018 2772 a.
1041 2735 1106 2772 166
1133 2736 1256 2773 consul
1280 2735 1377 2781 (fast.
1401 2736 1517 2783 Gap).
