1898 3104
929 190 977 229 19

188 323 306 377 Quod
335 324 483 368 bellum
512 335 604 366 cum
623 334 732 366 anno
762 326 837 366 1ῐ)6
861 327 1021 378 gest-um
1040 323 1097 367 sit
1125 323 1328 378 »primum
1347 334 1492 377 pamm
1518 334 1720 377 prospere

185 399 333 449 postea
371 396 568 438 feliciter«
611 397 686 436 aut
723 395 812 448 ipso
851 407 959 437 anno
1000 397 1076 436 156
1113 398 1187 437 aut
1224 394 1412 447 proximo
1447 395 1721 437 antecedente

185 466 384 509 indictum
405 477 495 507 esse
521 468 670 518 potest.
720 465 961 508 Accuratius
989 478 1072 519 quo
1100 465 1373 518 fragmentum
1393 468 1565 518 spectet,
1593 465 1721 509 verba

184 548 272 590 par.
304 541 327 578 7
385 536 531 578 docent
572 537 665 585 ἔτος
708 536 788 591 γοέρ
826 530 881 591 ἦν
922 535 1023 578 τότε
1072 536 1317 577 δωδέκατον
1355 535 1447 577 α’πὸ
1497 537 1575 577 τοῦ
1612 536 1721 590 πρός

184 613 361 664 Πέρσεα
388 606 579 661 πολέμου
609 608 678 664 καὶ
706 610 793 649 τῶν
821 608 868 649 ἐν
887 607 1145 662 Μακεδονίᾳ
1171 606 1385 661 πράξεων.
1442 606 1504 648 Ea
1530 607 1637 649 enim
1665 607 1718 649 de

185 690 308 720 causa
332 678 525 730 Polybius
551 678 651 720 dicit
671 681 858 720 senatum
889 690 1038 719 novum
1067 677 1216 719 bellum
1246 678 1488 730 suscepisse,
1515 689 1567 719 ne
1595 678 1717 719 nimis

184 749 309 802 longa
348 761 448 802 pace
498 749 682 792 homines
725 762 751 791 a
803 748 913 792 bello
961 748 1307 791 abalienarentur.
1379 748 1498 791 Unde
1543 753 1720 802 apparet

183 819 465 862 duodecimum
482 832 631 863 anuum
648 832 699 862 ex
713 832 760 863 eo
776 808 958 873 tempore
972 818 1291 873 intellegendum
1309 831 1411 872 esse,
1440 831 1519 873 quo
1536 819 1718 872 legiones

182 891 423 934 Macedonia
451 896 742 944 excesserunt,
768 892 812 934 id
841 892 951 945 quod
980 904 1088 933 anno
1118 894 1194 933 167
1223 891 1376 933 factum
1405 904 1495 933 esse
1524 905 1574 934 ex
1600 892 1718 934 Livio

182 962 286 1003 satis
330 965 507 1004 constat.
582 962 737 1013 Quibus
778 961 829 1003 de
872 962 1005 1004 causis
1036 962 1281 1003 δωδέκατον
1320 963 1412 1010 ἔτος
1451 962 1498 1002 ἐκ
1542 964 1628 1003 τῶν
1671 962 1720 1003 ἐν

182 1032 441 1086 Μακεδονίᾳ
476 1033 680 1087 πράξεων
725 1033 778 1075 ad
819 1033 952 1075 solum
994 1045 1147 1075 annum
1181 1037 1255 1074 156
1295 1033 1320 1075 i.
1350 1046 1385 1075 e.
1414 1037 1596 1085 tempus,
1635 1045 1717 1086 quo

180 1103 316 1156 ipsum
345 1103 496 1146 bellum
526 1108 690 1156 gestum
710 1107 794 1155 est,
824 1107 964 1158 potest
985 1103 1142 1146 referri.
1185 1104 1272 1147 Iam
1303 1116 1394 1147 cum
1424 1105 1538 1146 vario
1566 1108 1717 1147 eventu

183 1186 314 1227 eaque
340 1175 390 1216 de
409 1187 533 1217 causa
553 1187 627 1228 per
656 1188 738 1217 non
765 1176 886 1217 nimis
913 1175 1036 1218 breve
1056 1176 1253 1228 temporis
1278 1176 1456 1229 spatium
1483 1179 1715 1228 pugnatum

180 1246 256 1298 sit,
301 1247 532 1289 necessario
578 1246 841 1289 statuendum
884 1252 968 1300 est,
1028 1246 1178 1289 bellum
1224 1247 1420 1289 indictum
1460 1258 1551 1289 esse
1594 1246 1714 1289 initio

181 1318 290 1359 anni.
348 1318 464 1368 Quod
496 1319 532 1359 si
569 1317 635 1369 fit,
663 1330 747 1360 exc.
776 1318 823 1359 A.
856 1321 933 1359 124
970 1330 1128 1371 quoque
1157 1330 1236 1370 quo
1267 1321 1425 1370 spectet
1452 1318 1713 1371 perspicitur,
1740 1338 1745 1342 <

182 1399 276 1428 nam
307 1388 343 1429 si
380 1388 495 1429 initio
524 1389 622 1429 anni
656 1392 732 1430 156
762 1388 889 1430 Gaius
916 1389 1097 1430 Fannius
1131 1389 1291 1440 legatus
1317 1388 1488 1430 Romam
1526 1389 1713 1439 revertit,

180 1456 380 1499 concedes
411 1458 680 1500 antecedente
709 1469 816 1500 anno
845 1458 961 1500 illum
976 1458 1108 1501 Roma
1141 1470 1353 1511 egressum
1379 1469 1482 1501 esse.

288 1528 510 1570 Vertamus
547 1528 602 1570 ad
652 1541 738 1571 exc.
777 1529 1036 1587 Peiresciana
1071 1532 1137 1571 86.
1176 1532 1227 1571 87
1267 1531 1319 1581 (c.
1364 1532 1428 1570 21.
1473 1528 1548 1582 22)
1605 1541 1715 1582 quae

178 1599 361 1652 proxime
390 1599 592 1641 nectenda
620 1603 730 1641 sunt.
764 1589 1001 1652 ¹Temporis
1032 1599 1248 1651 vestigium
1278 1603 1442 1641 exstare
1460 1599 1620 1641 videtur
1647 1602 1712 1642 22.

179 1673 203 1712 5
233 1669 305 1711 ubi
332 1669 388 1710 M.
420 1670 615 1711 Aemilius
643 1670 837 1723 Lepidus,
864 1670 911 1711 L.
935 1670 1133 1712 Aemilius
1161 1670 1315 1712 Paulus
1347 1669 1576 1723 Charopem
1614 1670 1714 1723 Epi-

177 1745 312 1782 rotam
351 1753 377 1782 a
419 1740 539 1782 domo
594 1740 852 1793 prohibuisse
891 1741 1094 1783 dicuntur.
1165 1740 1269 1783 Nam
1318 1753 1413 1782 cum
1461 1741 1712 1783 antecedens

177 1813 414 1863 excerptum
442 1813 493 1851 85
534 1810 588 1852 ad
616 1811 713 1852 anni
755 1814 831 1852 160
871 1810 1086 1854 historiam
1121 1811 1267 1853 Italiae
1294 1811 1524 1863 pertineat,
1565 1814 1609 1852 et
1635 1811 1713 1853 hoc

178 1881 310 1934 ipsum
330 1893 381 1922 ex
409 1880 519 1923 illius
541 1882 639 1923 anni
662 1881 835 1923 historia
852 1882 1012 1924 Graeca
1033 1887 1240 1935 sumptum
1268 1883 1334 1933 sit,
1364 1881 1515 1923 dixeris
1543 1893 1712 1924 necesse

178 1962 271 1993 esse
299 1955 342 1993 et
370 1951 655 2004 statuendum,
682 1950 913 2004 Charopem
938 1956 1099 2005 partem
1130 1963 1294 2004 quoque
1323 1951 1420 1993 anni
1453 1955 1528 1993 159
1558 1951 1712 1994 Romae

176 2031 386 2063 versatum
415 2034 526 2073 esse,
555 2034 637 2074 quo
668 2023 904 2073 pervenerit
929 2035 1037 2064 anuo
1070 2026 1158 2073 160,
1187 2024 1286 2075 quia
1312 2028 1407 2075 post
1436 2035 1527 2064 eum
1558 2035 1712 2066 annum

160 2091 331 2134 *Paulus
379 2103 461 2133 non
509 2091 618 2133 inter
657 2092 770 2134 vivos
809 2092 909 2145 fuit,
959 2099 1002 2135 et
1037 2098 1135 2135 ante
1182 2105 1334 2134 annum
1382 2095 1456 2134 159
1492 2094 1711 2145 quominus

175 2161 408 2215 fragmenta
431 2174 644 2215 ponamus,
672 2163 798 2205 series
830 2168 1113 2216 excerptorum
1130 2164 1260 2205 Vatic.
1289 2163 1479 2216 prohibet
1498 2166 1571 2215 ¹⁷).
1627 2163 1711 2207 Sed

176 2232 279 2275 haec
306 2233 415 2274 ratio
436 2245 580 2286 parum
603 2232 722 2275 firma
750 2238 826 2285 est,
855 2246 949 2275 nam
978 2234 1030 2276 de
1057 2234 1283 2288 praeterito
1311 2240 1494 2288 tempore
1522 2235 1592 2277 illo
1621 2235 1709 2278 loco

175 2305 324 2356 agitur,
351 2304 426 2354 vel,
454 2307 502 2345 ut
529 2303 622 2345 aliis
649 2304 783 2346 verbis
814 2310 922 2357 utar,
951 2305 1002 2347 de
1031 2306 1168 2358 priore
1185 2305 1385 2358 Charopis
1415 2306 1575 2358 itinere,
1601 2306 1708 2360 quod

176 2374 352 2417 alterum
390 2378 573 2416 secutum
611 2377 695 2427 est,
744 2376 785 2416 in
825 2388 907 2429 quo
935 2376 1141 2419 Brundisii
1175 2376 1280 2418 diem
1320 2388 1553 2430 supremum
1590 2377 1706 2420 obiit.

176 2445 267 2487 Hoc
305 2456 353 2486 ex
394 2445 549 2487 ult-imis
588 2457 622 2487 c.
660 2447 711 2486 22
749 2446 886 2488 verbis
937 2450 1116 2500 apparet
1155 2447 1304 2489 collato
1341 2447 1486 2501 capitis
1523 2450 1568 2488 21
1617 2459 1707 2501 par.

268 2591 322 2634 17)
348 2591 402 2626 22.
417 2592 450 2626 9.
476 2591 492 2624 ὃ
510 2592 547 2625 δὲ
571 2592 696 2635 Χάροψ
718 2592 941 2640 ἀναχωρήσας
965 2594 1092 2638 ταύτην
1110 2594 1172 2633 μὲν
1196 2594 1258 2636 τήν
1282 2593 1456 2639 ἀπόκρισιν
1479 2594 1706 2638 ἀπεσιώπησε,

173 2649 308 2694 γράψας
332 2648 368 2681 δὲ
393 2649 476 2692 πρὸς
501 2649 563 2692 τήν
588 2651 680 2682 ἰδίαν
707 2649 871 2683 ὑπόθεσιν
895 2649 1099 2696 ἁρμόζουσαν
1126 2651 1328 2692 ‹iwr'yynzn
1353 2650 1395 2688 ὥς
1426 2651 1707 2684 nmwdoxon'rwv

168 2704 341 2744 Ῥωμαίων
366 2711 436 2743 τοῖς
459 2705 517 2739 ὑπ’
549 2705 653 2746 αὐτοῦ
683 2711 932 2753 πραττομένοις.
999 2709 1052 2743 21.
1077 2710 1109 2743 4.
1146 2709 1199 2741 καὶ
1235 2707 1299 2753 γάρ
1329 2708 1383 2740 καὶ
1414 2708 1473 2741 τὸν
1498 2708 1707 2753 Ἠπειρώτην

173 2763 323 2808 Χάροπα
343 2763 536 2808 συνεκύρησε
561 2765 647 2796 κατὰ
670 2765 728 2797 τὸν
751 2766 902 2799 ἐνιαυτὸν
919 2767 1037 2798 τοῦτον
1055 2767 1091 2798 ἐν
1107 2766 1291 2811 Βρεντεσίῳ
1313 2765 1517 2805 μεταλλάξαι
1542 2767 1598 2798 τὸν
1618 2768 1704 2807 βίον.

173 2817 226 2856 cf.
250 2829 344 2865 quae
367 2819 504 2857 monuit
527 2820 865 2867 Schweighsuserus
890 2822 1004 2859 vnla.
1027 2833 1108 2870 pag.
1135 2825 1190 2860 77.
1216 2824 1270 2859 78.
