1898 3104
932 182 984 223 29

302 314 589 370 Explicatione
615 326 720 369 opus
751 318 817 358 est
843 315 884 358 in
929 315 1018 358 solo
1047 314 1252 358 Athenaei
1291 315 1380 358 loco
1409 315 1475 369 (V.
1509 318 1587 358 194
1615 315 1663 358 cl.
1690 314 1731 358 X

194 386 316 439 439),
365 397 485 439 quem
524 386 639 428 uncis
682 385 843 428 inclusi.
910 385 1001 436 Quo
1040 386 1130 428 loco
1172 386 1237 428 vel
1271 387 1408 439 potius
1446 385 1592 439 quibus
1629 385 1731 428 locis

194 457 248 499 de
271 457 462 500 Antiochi
487 457 674 510 luxuria,
699 467 782 510 qua
809 456 853 498 in
882 456 992 499 ludis
1019 456 1336 510 triumphalibus
1367 468 1468 500 usus
1496 460 1584 510 est,
1613 445 1731 499 doce·

193 539 298 580 mur,
328 540 423 570 nam
454 527 598 570 eadem
638 538 704 569 res
740 525 872 569 fusius
901 530 1110 569 tractatur
1140 527 1190 568 V.
1221 531 1318 580 194,
1356 540 1406 569 ex
1436 527 1594 580 Polybii
1622 527 1730 569 libro

194 598 335 640 XXXI
372 602 538 651 sumpta
583 598 733 640 dicitur
772 597 825 639 X.
866 599 958 639 439.
1001 597 1111 645 >Jam
1146 602 1189 639 et
1217 597 1397 639 dubitari
1432 598 1594 651 nequit,
1631 597 1731 651 quin

194 669 282 711 ludi
313 669 371 711 illi
396 681 503 711 anno
537 671 612 710 166
645 667 843 710 celebrati
862 667 978 719 sint,
1016 680 1091 709 nec
1124 667 1206 710 ullo
1233 667 1355 710 modo
1382 668 1549 710 concedi
1576 671 1729 722 potest,

196 751 264 781 res
294 739 363 781 illo
390 741 498 782 anno
527 743 669 792 gestas
701 738 804 780 libro
833 738 1039 780 tricesimo
1068 738 1205 791 primo
1236 738 1469 791 descriptas
1490 751 1593 791 esse,
1620 739 1731 792 quia,

197 821 287 850 cum
317 810 441 851 etiam
464 822 529 851 res
555 810 651 851 anni
675 812 751 850 160
781 808 924 850 eodem
947 808 1052 849 libro
1074 813 1270 849 narratae
1290 809 1387 861 sint,
1419 814 1574 861 septem
1605 821 1733 851 anno-

196 891 287 920 rum
318 880 491 921 historia
516 891 597 920 uno
625 879 729 920 libro
757 890 950 931 expressa
979 879 1106 930 foret,
1146 878 1187 919 id
1219 878 1326 930 quod
1357 884 1544 931 respecta
1572 878 1732 931 Polybii

198 950 359 992 ratione
399 949 498 992 ferri
537 961 618 991 non
667 960 791 1002 posse
830 949 933 992 dico.
1004 948 1133 1000 Quam
1175 948 1443 991 dificultatem
1479 953 1528 991 ut
1570 949 1733 991 tolleret

200 1020 586 1071 Schweighauserus
615 1020 777 1071 quidem
806 1023 1090 1071 excerptorum
1130 1020 1180 1060 de
1210 1020 1287 1071 leg.
1318 1020 1505 1061 ordinem
1533 1020 1735 1071 turbavit,

199 1102 321 1144 quam
358 1091 557 1133 rationem
600 1102 691 1132 cum
735 1089 913 1131 omnium
964 1089 1138 1131 maxime
1180 1089 1444 1142 abhorream,
1488 1089 1600 1131 aliud
1636 1089 1735 1131 mihi

198 1157 421 1202 remedium
458 1159 863 1211 circumspiciendum
900 1163 977 1201 est.
1047 1160 1104 1201 Et
1141 1160 1288 1211 duplex
1325 1160 1488 1213 quidem
1531 1160 1734 1201 medicina

197 1231 420 1285 excogitari
446 1231 602 1285 possit:
648 1230 798 1284 prima,
835 1233 887 1273 ut
914 1233 1145 1284 statuatur,
1189 1230 1401 1285 Polybium
1435 1231 1485 1274 de
1514 1230 1623 1274 ludis
1653 1230 1732 1273 illis

196 1301 325 1345 fusius
353 1303 394 1344 in
431 1303 529 1344 anni
562 1305 636 1343 165
674 1302 846 1344 historia
883 1302 1038 1355 egisse,
1074 1306 1220 1355 postea
1250 1302 1303 1344 ad
1333 1314 1487 1344 annum
1521 1305 1597 1344 163
1638 1313 1734 1343 nar-

196 1378 290 1414 rata
307 1373 499 1415 Antiochi
529 1377 659 1414 morte
690 1373 731 1414 in
761 1373 943 1414 moribus
963 1373 1071 1415 illius
1089 1373 1367 1415 describendis
1379 1373 1613 1426 (Athen.X.
1627 1374 1733 1426 439)

196 1443 339 1497 paucis
370 1442 423 1485 ad
448 1441 618 1485 eandem
650 1454 733 1483 rem
765 1441 1008 1495 recurrisse,
1065 1441 1199 1484 altera
1239 1446 1287 1485 ut
1325 1446 1415 1485 tota
1454 1442 1641 1485 narratio
1679 1442 1732 1485 ad

197 1527 233 1555 a.
260 1517 334 1555 163
361 1513 648 1556 transferatur.
707 1514 889 1565 Quarum
918 1514 1123 1556 rationum
1152 1515 1250 1556 mihi
1267 1519 1416 1556 neutra
1436 1515 1609 1567 arridet,
1637 1526 1733 1556 nam

196 1584 303 1638 quod
341 1584 396 1625 ad
433 1584 614 1637 priorem
652 1584 827 1637 attinet,
884 1584 968 1625 duo
998 1584 1200 1626 Athenaei
1237 1584 1314 1626 loci
1355 1585 1398 1626 in
1437 1584 1609 1636 singulis
1649 1583 1734 1626 fere

198 1655 331 1696 verbis
359 1655 603 1706 concinunt,
642 1658 685 1695 et
712 1655 926 1707 Polybium
953 1655 1027 1696 tali
1053 1656 1174 1696 modo
1205 1667 1282 1696 sua
1310 1656 1436 1708 ipsius
1464 1655 1590 1697 verba
1618 1666 1734 1707 repe-

198 1724 310 1766 tiisse
338 1723 407 1766 vix
431 1724 544 1766 credi
564 1728 714 1778 potest,
748 1724 923 1767 alteram
943 1725 1161 1778 quominus
1179 1725 1439 1778 accipiamus,
1468 1724 1568 1766 ordo
1594 1736 1735 1766 rerum

196 1808 222 1838 a
249 1796 431 1838 Diodoro
462 1795 638 1849 (XXXI.
672 1799 732 1837 16.
767 1796 841 1850 17)
888 1801 1080 1839 servatus
1122 1796 1327 1850 prohibet.
1395 1797 1510 1848 Quae
1545 1808 1637 1838 cum
1673 1797 1734 1837 ita

198 1867 292 1918 sint,
321 1866 509 1918 equidem
530 1865 784 1908 difficultatis
814 1866 1023 1908 tollendae
1052 1868 1207 1908 nullam
1238 1868 1344 1908 viam
1377 1867 1493 1908 video
1524 1867 1603 1908 nisi
1631 1878 1735 1918 eam,

197 1941 246 1979 ut
273 1937 326 1978 de
355 1936 558 1978 Athenaei
587 1936 850 1989 auctoritate,
877 1941 951 1978 aut
981 1941 1091 1979 certe
1122 1937 1171 1979 de
1198 1937 1384 1990 lectione,
1414 1949 1519 1990 quae
1546 1937 1589 1979 in
1617 1937 1734 1979 libris

195 2010 351 2059 exstat,
390 2006 636 2048 dubitemus.

302 2076 419 2128 Quod
454 2076 488 2119 si
517 2076 763 2118 necessitate
799 2077 926 2119 coacti
957 2077 1172 2129 sumimuS,
1202 2077 1401 2130 respectis
1433 2078 1600 2130 ceteris,
1630 2089 1735 2131 quae

195 2160 288 2201 pag.
320 2150 372 2189 28
401 2148 617 2200 composui,
644 2147 831 2199 vestigiis
862 2148 949 2202 sine
974 2147 1148 2188 audacia
1178 2147 1258 2189 dici
1288 2148 1462 2200 poterit:

411 2217 515 2260 libro
545 2217 663 2259 XXX
697 2217 970 2270 olympiadem
999 2217 1151 2270 CLIII,
1178 2217 1202 2259 1.
1234 2217 1384 2260 XXXI.
1414 2217 1563 2271 olymp.
1594 2218 1735 2271 CLIV,

410 2287 481 2330 lib.
494 2288 653 2330 XXXII
680 2287 826 2342 olymp.
848 2287 966 2341 CLV,
992 2289 1060 2331 lib.
1082 2289 1262 2331 XXXIII
1292 2289 1442 2342 olymp.
1463 2288 1588 2332 CLVI
1609 2289 1734 2333 fuisse

413 2359 655 2412 descriptas.

306 2431 521 2472 Postremo
549 2429 738 2482 omnium,
768 2441 872 2482 quae
894 2429 946 2471 de
973 2434 1160 2482 tempore
1178 2434 1220 2472 et
1249 2430 1391 2472 ordine
1409 2430 1733 2483 fragmentorum

198 2502 466 2553 comprobare
495 2501 655 2553 studui,
684 2504 731 2542 ut
755 2512 951 2542 summam
981 2501 1234 2553 colligerem,
1266 2501 1447 2543 tabulam
1475 2502 1627 2555 adieci,
1654 2514 1734 2555 qua

197 2572 287 2626 ipsa
314 2583 436 2625 quam
465 2571 630 2625 profero
659 2571 787 2614 series
818 2570 1053 2625 exhibetur,
1097 2571 1218 2614 simul
1257 2572 1298 2613 in
1327 2571 1456 2614 libros
1484 2576 1528 2614 et
1556 2572 1732 2626 olympp.

158 2636 161 2639 ’
197 2644 369 2698 partitio
404 2644 653 2696 perspicitur
685 2646 728 2683 et
754 2642 1080 2695 demonstratur,
1101 2655 1165 2684 me
1197 2643 1308 2685 nnllo
1337 2644 1457 2684 modo
1481 2643 1733 2695 singularum

197 2714 444 2757 familiarum
471 2714 653 2755 ordinem
666 2741 672 2746 ·
682 2713 873 2755 turbasse
884 2728 893 2754 ε
