1898 3104
894 181 943 218 10

150 318 335 365 tempore
376 312 639 366 descripsisse
675 312 886 365 putandus
916 317 992 354 est.
1050 313 1264 355 Postremo
1301 315 1355 356 ad
1383 316 1482 357 anni
1515 317 1589 356 167
1618 325 1685 356 res

148 383 427 437 Aegyptiaeas
457 384 506 427 A.
536 385 588 426 95
621 383 674 436 (c.
708 380 781 438 11)
808 382 1001 437 pertinet.

259 455 323 497 Ab
352 466 458 497 exce.
488 455 533 496 A.
564 457 627 496 96.
657 457 707 495 97
744 453 800 509 (c.
833 457 894 496 12.
927 457 988 495 16.
1023 452 1094 508 17)
1133 465 1283 496 novum
1311 466 1461 499 annum
1492 455 1566 510 (ol.
1598 457 1686 496 153.

150 528 188 567 2.
233 524 334 577 166)
381 525 560 578 incipere
607 529 896 576 argumentum
945 525 1083 576 docet,
1138 528 1235 566 ante
1286 524 1458 567 hiemem
1502 526 1686 567 Prusiam

148 595 321 637 Romam
360 596 523 637 venisse
564 599 607 636 et
644 594 741 636 inde
783 594 949 637 domum
991 595 1139 636 abiisse
1178 606 1228 636 ex
1255 606 1288 636 c.
1322 598 1384 636 17.
1407 600 1476 641 ,14
1511 598 1688 649 apparet

151 665 223 721 (cf.
253 665 341 707 Liv.
367 665 492 707 XLV.
524 664 612 716 44).
670 665 867 718 Sequitur
895 666 1073 707 eiusdem
1103 664 1283 706 familiae
1314 677 1398 707 exc.
1429 670 1480 708 98
1511 666 1566 718 (c.
1600 665 1686 719 18).

150 737 200 779 V.
230 739 307 778 137
337 734 392 791 (c.
416 734 537 790 18a),
568 735 675 789 quod
697 735 915 778 Bekkerus
943 736 1052 778 inter
1080 747 1135 777 cc.
1162 738 1211 777 18
1233 738 1275 777 et
1306 738 1354 777 19
1377 735 1606 787 collocavit,
1637 748 1687 778 ex

150 806 296 848 Italica
334 805 509 847 historia
550 807 714 848 minime
742 807 916 859 petitum
947 810 1032 858 est,
1070 807 1166 859 quia
1200 818 1274 847 nec
1308 806 1430 858 capiti
1463 810 1512 848 18
1551 807 1687 859 inseri,

149 888 224 919 nec
263 875 321 918 illi
362 876 557 929 postponi
609 880 748 930 potest
791 879 964 931 propter
1006 876 1150 919 ultima
1198 874 1373 920 verba0.
1444 876 1592 929 Itaque
1634 876 1687 919 ad

150 947 350 990 Graeciae
378 947 517 1000 potius
547 947 765 990 historiam
793 947 1054 991 referendum
1078 951 1235 1001 etpost
1254 947 1301 989 A.
1323 950 1374 989 99
1404 947 1687 991 collocandum

149 1018 243 1070 erit,
271 1030 367 1060 uam
397 1017 447 1060 de
468 1030 578 1061 anuo
595 1018 781 1072 profecto
804 1031 885 1061 non
907 1018 1129 1061 dubitatur.
1186 1019 1270 1060 Iam
1293 1021 1458 1060 servato
1483 1016 1688 1072 fragmen-

150 1093 289 1131 torum
319 1089 464 1131 ordine
492 1088 534 1130 ll.
565 1102 658 1131 mm.
690 1090 846 1131 tradito
876 1090 1009 1131 locum
1033 1089 1186 1131 habent
1207 1102 1291 1131 exc.
1319 1091 1367 1131 A.
1390 1093 1441 1131 99
1469 1093 1512 1130 et
1537 1089 1689 1144 (inter-

150 1158 286 1212 posito
327 1159 376 1201 V.
420 1158 520 1212 137)
559 1160 593 1201 A
636 1162 713 1200 100
748 1158 825 1214 (cc.
869 1162 931 1201 19.
969 1159 1134 1201 XXXX.
1176 1159 1229 1211 1).
1279 1159 1406 1201 Porro
1444 1159 1497 1201 ad
1535 1172 1570 1201 a.
1612 1159 1688 1202 166

152 1233 345 1282 spectare
374 1230 537 1272 videtur
566 1242 649 1272 exc.
681 1230 729 1272 V.
764 1232 852 1281 138,
880 1229 988 1282 quod
1010 1228 1225 1271 Bekkerus
1254 1229 1295 1271 in
1324 1228 1405 1272 fine
1429 1229 1521 1272 libri
1550 1229 1689 1273 XXXI

152 1301 304 1354 posuit.
372 1300 479 1342 Nam
511 1301 686 1354 primum
716 1314 766 1341 ex
803 1301 910 1342 serie
940 1303 1220 1352 excerptorum
1251 1299 1344 1342 Vat.
1382 1304 1575 1354 apparet,
1613 1300 1691 1343 hoc

152 1370 432 1423 fragmentum
462 1372 572 1412 inter
597 1383 633 1413 a.
666 1374 742 1412 166
772 1370 960 1424 (V.137)
993 1376 1035 1412 et
1071 1374 1144 1412 163
1175 1371 1245 1423 (Υ.
1271 1374 1370 1412 139:
1399 1371 1548 1413 XXXI.
1582 1370 1688 1426 loa)

111 1489 114 1493 .
152 1441 436 1486 collocandum
466 1453 568 1489 esse,
598 1441 744 1483 deinde
772 1445 1014 1493 argumento
1038 1442 1245 1492 docemur,
1275 1453 1501 1483 sermonem
1519 1453 1609 1484 esse
1638 1442 1690 1484 de

151 1512 288 1567 Lyciis
316 1515 359 1554 et
384 1512 572 1561 CaribuS,
600 1513 667 1565 qui
698 1519 797 1554 sunt
824 1512 865 1553 οἱ
891 1513 970 1566 τήν
1000 1515 1253 1565 περαίαν-
1271 1524 1415 1564 agrum
1437 1512 1689 1555 Rhodiorum

152 1582 319 1625 ditionis
348 1584 391 1625 in
420 1583 609 1637 opposito
639 1583 878 1625 continente
908 1583 1030 1625 situm
1070 1606 1111 1612 —-
1142 1584 1454 1634 κατοικοῦντες,
1491 1583 1531 1625 in
1568 1583 1691 1626 liber-

151 1657 282 1696 tatem
312 1654 544 1696 vindicatis.
611 1654 699 1696 Iam
739 1666 830 1696 cum
869 1653 1038 1695 libertas
1067 1653 1148 1695 illis
1179 1654 1280 1695 data
1317 1654 1373 1696 sit
1403 1666 1440 1696 a.
1473 1657 1551 1695 167
1582 1654 1691 1708 (Pol.

151 1725 283 1768 XXX.
315 1728 350 1767 5.
381 1724 453 1780 12)
481 1725 578 1779 quia
607 1725 759 1778 elucet,
796 1724 897 1768 haec
934 1724 1061 1767 verba
1090 1737 1172 1767 non
1209 1725 1268 1767 ita
1295 1723 1423 1767 multo
1452 1728 1549 1779 post
1579 1725 1692 1769 dicta

152 1807 258 1846 esse,
287 1807 394 1837 anno
427 1799 503 1836 166
530 1795 807 1848 fragmentum
837 1795 999 1837 videtur
1032 1795 1290 1837 tribuendum
1321 1807 1420 1837 esse.
1479 1795 1690 1838 Orationis

153 1867 261 1908 enim
309 1878 390 1907 non
441 1866 671 1908 sententiae
726 1865 779 1906 ab
832 1865 921 1918 ipso
968 1865 1169 1918 scriptore
1218 1865 1404 1918 prolatae
1445 1866 1690 1918 particulam

154 1939 347 1990 excerpto
388 1935 598 1988 contineri,
637 1947 686 1976 ex
721 1938 907 1988 tempore
936 1936 1144 1988 praesenti
1187 1934 1342 1990 (εἰσίν)
1381 1939 1556 1978 constat.
1622 1935 1686 1978 Ad

152 2019 279 2061 quam
308 2007 539 2049 orationem
569 2007 694 2048 verba
719 2005 938 2049 referenda
957 2006 1054 2057 siut,
1084 2005 1159 2048 hoc
1184 2019 1283 2048 sane
1306 2006 1510 2049 enucleari
1531 2007 1686 2060 nequit.

152 2079 188 2121 A
218 2078 357 2131 legato
377 2077 538 2120 Rhodio
566 2077 608 2119 in
639 2083 788 2119 senatu
816 2077 926 2119 (licta
956 2089 1047 2119 esse
1071 2080 1309 2130 statuerem,
1346 2077 1439 2131 nisi,
1470 2078 1687 2131 quominus

153 2149 356 2191 historiae
384 2147 553 2190 Italicae
583 2147 682 2189 anni
723 2150 798 2189 166
830 2147 1109 2200 fragmentum
1139 2148 1423 2200 tribueremus,
1450 2148 1551 2191 ordo
1577 2160 1686 2190 exce.

151 2219 448 2262 Vaticanorum
488 2217 685 2261 obstaret.
753 2217 966 2260 Postremo
1002 2229 1051 2260 ex
1092 2218 1190 2261 anni
1222 2220 1298 2260 166
1337 2217 1522 2261 historia·
1540 2217 1686 2273 Syriae

152 2289 272 2333 fiuxit
298 2301 383 2331 exc.
411 2290 460 2331 A.
493 2292 586 2339 101,
622 2289 688 2331 cui
716 2288 1021 2341 praemittenda
1060 2293 1180 2341 sunt,
1226 2301 1331 2342 quae
1360 2289 1598 2331 Athenaeus
1636 2288 1687 2330 de

154 2359 346 2404 Antiochi
385 2359 614 2413 Epiphanis
652 2359 760 2402 ludis
799 2360 979 2402 servavit
1016 2359 1095 2414 (cc.
1137 2363 1255 2402 3—5.
1294 2360 1387 2402 libri
1424 2359 1586 2414 XXXI)
1604 2358 1686 2413 ¹⁰).

151 2434 302 2485 Itaque
324 2431 464 2473 decem
484 2430 717 2483 fragmenta
740 2431 794 2472 ad
813 2443 848 2473 a.
875 2433 952 2472 166
974 2431 1196 2483 pertinent,
1223 2443 1399 2484 quorum
1428 2431 1607 2484 quinque
1636 2442 1687 2473 ex

151 2503 312 2550 Italiae,
335 2513 463 2544 unum
495 2513 517 2542 e
547 2500 757 2552 Graeciae,
788 2501 868 2543 duo
897 2514 947 2543 ex
977 2501 1123 2553 Rhodi,
1152 2501 1233 2543 duo
1264 2513 1314 2542 ex
1344 2501 1487 2554 Syriae
1514 2501 1687 2544 historia

151 2577 317 2628 sumpta
346 2575 457 2615 sunt.

243 2742 281 2783 9)
308 2742 364 2775 καὶ
389 2741 430 2774 πὶ
455 2742 516 2780 μὲν
541 2742 626 2774 κατά
654 2741 728 2779 τούς
750 2740 952 2785 Ἀθηναίους
979 2740 1137 2783 τοιαύτην
1162 2741 1238 2783 ἔσχε
1267 2739 1434 2776 διάθεσιν.

221 2799 281 2843 10)
306 2798 348 2834 cf.
374 2808 408 2842 p.
434 2800 488 2833 29.
