1898 3104
940 177 964 213 8

181 321 362 363 pugnam
382 308 493 361 apud
514 308 698 361 Pydnam
726 310 986 351 commissam
1016 310 1219 362 sequitur.
1277 311 1471 365 Popillius
1500 310 1618 361 enim,
1649 309 1721 351 ubi

181 381 359 434 primum
402 380 453 422 de
489 379 642 421 Perseo
680 379 840 421 devicto
878 379 1030 422 certior
1069 379 1205 422 factus
1233 385 1319 435 est,
1360 395 1453 425 cum
1482 381 1718 433 Aegyptum

180 456 357 506 peteret,
386 450 571 493 Rhodum
611 449 809 491 advectus
838 450 881 491 in
919 450 1113 492 concione
1143 452 1329 494 oratione
1359 452 1508 494 acerba
1534 450 1718 493 Rhodios

181 523 398 576 increpuit,
424 520 530 575 quod
551 520 749 562 Perseum
782 521 1060 563 Romanorum
1100 520 1261 564 hostem
1300 523 1565 578 adjuvissent.
1624 521 1719 573 Qua

182 607 227 636 re
255 594 314 635 illi
344 592 557 645 perterriti
588 591 797 633 celerrime
825 604 915 645 eos,
955 593 1023 645 qui
1052 604 1077 633 a
1104 592 1244 635 Persei
1271 595 1460 646 partibus
1489 594 1716 646 stetissent,

181 665 328 718 capitis
366 675 461 705 reos
500 674 590 704 esse
631 662 905 705 decreverunt
945 666 988 705 et
1025 663 1104 705 toti
1141 663 1183 705 in
1216 675 1265 705 ea
1299 677 1344 706 re
1373 664 1557 719 occupati
1585 666 1718 706 erant.

180 736 309 777 Porro
348 746 456 787 quae
495 733 718 785 Polybiano
759 732 991 786 fragmento
1031 733 1080 774 de
1119 733 1343 787 Polyarato
1385 735 1599 786 docemur,
1636 745 1719 775 non

180 806 364 848 obstant.
421 803 669 857 Polyaratus
706 803 748 845 in
780 804 1016 857 Aegyptum
1055 816 1099 846 se
1124 804 1317 857 contulit,
1352 806 1462 848 unde
1499 805 1612 848 iussu
1641 804 1719 847 Po-

179 876 282 928 pillii
323 888 348 915 a
387 874 636 914 Ptolomaeis
677 873 843 914 domum
880 874 1031 914 missus
1069 878 1147 915 est.
1215 875 1306 924 Quo
1343 876 1587 927 priusquam
1624 887 1719 927 per-

180 947 338 989 veniret
383 944 437 987 ad
473 944 726 996 Phaselitas,
767 943 959 995 Caunios,
989 947 1197 997 postremo
1227 944 1445 999 Cibyratas
1472 944 1634 997 aufugit
1676 948 1719 987 et

180 1029 270 1060 cum
308 1014 461 1058 nullius
504 1014 702 1057 auxilium
743 1015 1027 1068 impetrasset,
1068 1014 1237 1057 Romam
1279 1015 1426 1058 ductus
1465 1019 1542 1058 est.
1599 1015 1717 1067 Quae

177 1088 317 1130 omnia
347 1086 566 1139 quominus
596 1097 705 1127 anno
740 1089 814 1126 168
837 1086 946 1127 facta
968 1097 1062 1127 esse
1085 1090 1335 1139 statuamus,
1363 1087 1458 1140 quid
1478 1087 1616 1128 obstet
1634 1098 1718 1128 non

178 1158 309 1201 video.
367 1156 553 1207 Accedit,
596 1168 847 1209 quamquam
883 1169 962 1198 non
1004 1157 1124 1199 nimis
1162 1157 1400 1210 presserim,
1438 1157 1547 1210 quod
1577 1157 1719 1200 Livius

179 1230 350 1271 ineunte
391 1238 499 1269 anno
531 1229 606 1267 167
640 1226 904 1279 Astymedem
943 1226 1123 1279 legatum
1164 1227 1366 1269 dicentem
1401 1227 1500 1269 facit
1538 1227 1614 1269 »de
1640 1227 1718 1269 Po-

179 1301 343 1354 lyarato
360 1302 402 1339 et
423 1297 584 1339 Dinone
601 1300 644 1338 et
668 1296 731 1344 iis,
759 1308 865 1349 quos
885 1301 932 1338 ut
960 1297 1218 1339 traderemus
1244 1297 1358 1339 vobis
1378 1297 1647 1339 adduximus«
1665 1297 1717 1350 ⁶).

180 1370 368 1423 Denique
396 1372 488 1409 tota
515 1366 752 1419 argumenti
781 1366 941 1409 indoles
970 1379 1018 1409 eo
1049 1379 1125 1409 nos
1154 1367 1336 1419 adducit,
1365 1370 1413 1409 ut
1440 1367 1718 1420 fragmentum

180 1454 263 1483 non
293 1441 353 1482 ita
383 1439 513 1480 multo
540 1441 635 1491 post
672 1449 853 1490 pugnam
883 1437 989 1490 apud
1018 1438 1204 1490 Pydnam
1240 1439 1510 1491 commissam,
1549 1439 1626 1488 vel,
1666 1442 1716 1481 ut

181 1513 274 1554 aliis
303 1511 438 1552 verbis
468 1513 576 1560 utar,
607 1509 647 1550 in
677 1508 759 1549 fine
785 1508 882 1549 anni
906 1511 982 1550 168
1003 1508 1256 1551 collocemus.
1312 1508 1486 1551 Omnino
1507 1509 1612 1551 enim
1632 1521 1715 1551 non

180 1588 264 1624 tam
292 1582 333 1623 id
361 1580 517 1632 agitur,
557 1578 668 1632 quali
698 1590 832 1631 poena
858 1579 902 1630 ii,
940 1579 1008 1631 qui
1044 1590 1069 1620 a
1096 1579 1236 1620 Persei
1274 1579 1464 1631 partibus
1498 1582 1716 1633 steterant,

180 1652 318 1695 affecti
348 1651 450 1702 sint,
490 1661 613 1703 quam
644 1648 888 1702 explicatur,
930 1648 1131 1702 quomodo
1171 1648 1379 1691 hominum
1420 1649 1543 1691 animi
1576 1661 1717 1703 pugna

180 1723 252 1765 illa
290 1721 427 1764 affecti
467 1720 573 1773 sint,
623 1719 719 1772 quid
755 1719 906 1771 singuli
946 1720 1276 1771 exspectaverint
1320 1720 1376 1765 (7.
1419 1723 1455 1761 7.
1494 1722 1721 1773 τοιγαροῦν

180 1794 352 1841 εἰκότως
380 1784 499 1833 οὗτοι
537 1791 609 1831 καὶ
635 1790 920 1842 δικαιολογίαν
948 1790 1019 1831 καὶ
1052 1793 1191 1844 κρίσιν
1225 1789 1442 1843 ὑπέμενον
1469 1791 1540 1831 καὶ
1569 1790 1719 1839 πάσας

178 1865 407 1920 ἐξήλεγχον
434 1862 513 1910 τοὶς
533 1860 744 1913 ἐλπίδας).
776 1860 933 1911 Quibus
954 1860 1004 1902 de
1023 1860 1157 1902 causis
1177 1860 1275 1902 mihi
1292 1861 1453 1914 quidem
1473 1873 1715 1914 persuasum

178 1940 255 1986 est,
284 1935 562 1987 fragmentum
601 1945 623 1973 e
652 1931 757 1973 libro
785 1931 903 1973 XXX
932 1931 1172 1973 eiiciendum
1200 1934 1243 1973 et
1272 1933 1368 1974 anni
1402 1935 1476 1974 168
1514 1931 1711 1975 historiae

177 2006 364 2049 Rhodiae
394 2002 655 2047 tribuendum
685 2013 787 2044 esse.

289 2078 378 2127 Quo
406 2075 549 2117 ordine
578 2079 716 2115 cetera
740 2073 974 2125 fragmenta
1003 2073 1057 2114 ad
1081 2085 1116 2114 a.
1142 2076 1217 2114 167
1245 2073 1475 2126 spectantia
1494 2073 1716 2126 procedere

179 2149 370 2199 debeant,
402 2146 544 2189 Livius
575 2144 707 2187 docet.
765 2144 949 2186 Primum
989 2144 1040 2185 ad
1072 2144 1164 2197 iter,
1195 2144 1304 2197 quod
1333 2145 1528 2186 Aemilius
1557 2144 1718 2198 aliquot

176 2219 388 2262 mensibus
418 2229 493 2271 per
523 2216 739 2258 Graeciam
774 2215 873 2257 fecit
910 2215 1187 2267 fragmentum
1216 2215 1264 2257 V.
1297 2218 1372 2257 135
1412 2219 1423 2259 ί
1434 2220 1494 2257 15.
1523 2216 1636 2267 init.)
1674 2219 1717 2259 et

177 2303 240 2342 ea,
270 2301 375 2342 quae
398 2288 549 2330 Suidae
578 2286 780 2328 debentur
810 2286 894 2339 (15.
928 2289 995 2327 la.
1029 2290 1061 2327 1.
1086 2289 1122 2327 2.
1142 2289 1177 2328 3.
1200 2285 1261 2341 4),
1291 2287 1500 2340 pertinent
1529 2286 1599 2341 (cf.
1626 2287 1714 2329 Liv.

177 2361 300 2403 XLV.
332 2362 396 2400 27.
427 2358 572 2411 28)⁷).
631 2358 716 2399 Iam
746 2357 935 2409 sequitur
962 2357 1010 2398 A.
1037 2360 1089 2398 94
1117 2356 1171 2411 (c.
1203 2361 1264 2399 10.
1295 2357 1343 2399 cf.
1373 2357 1459 2398 Liv.
1480 2357 1605 2399 XLV.
1627 2356 1715 2411 31).

176 2432 224 2475 V.
256 2433 334 2473 136
364 2429 452 2484 (15.
483 2427 531 2483 4)
571 2428 623 2470 ad
665 2427 781 2470 ludos
819 2431 1001 2481 spectat,
1041 2439 1144 2481 quos
1178 2427 1376 2470 Aemilius
1417 2427 1541 2471 rebus
1579 2428 1717 2472 Mace-

178 2502 327 2545 doniae
357 2505 399 2542 et
428 2500 626 2541 Graeciae
663 2499 900 2552 compositis
930 2497 1159 2551 Amphipoli
1198 2496 1295 2539 fecit
1334 2497 1442 2551 (Liv.
1472 2499 1596 2541 XLV.
1627 2497 1714 2554 32).

267 2685 307 2787 ᾗ)
330 2684 546 2778 ἶῇνΧῗῗν.
572 2742 616 2776 27
642 2740 751 2776 verba
784 2740 987 2786 ¹,auctumni
1021 2739 1096 2776 fere
1128 2743 1269 2786 tempus
1293 2740 1389 2777 erat‘
1421 2740 1584 2786 profecto
1610 2739 1656 2777 ad
1682 2751 1713 2777 a.

178 2802 243 2836 168
267 2799 457 2835 referenda
481 2803 571 2833 sunt.
