1898 3104
944 197 995 236 28

194 336 414 385 antequam
454 331 497 383 (a
539 328 634 381 154)
675 327 822 370 Rhodii
853 328 941 369 ὑπὸ
970 328 1137 382 μυδίων
1171 331 1243 371 καὶ
1286 331 1477 372 ἀκατίων
1514 331 1738 380 παντελῶς

193 404 353 457 μικρῶν
398 398 658 454 παραδόξως
711 398 1067 452 συγκυκλούμενοι
1113 401 1400 453 πανταχόθεν
1447 400 1506 449 εἰς
1555 402 1738 457 δυσχρη-

194 476 325 516 στίαν
362 472 599 513 ἐνέπιπτον
643 469 723 524 τήν
770 472 1000 524 μεγίστηνς
1062 481 1155 512 nam
1200 474 1348 524 postea
1396 484 1469 515 cur
1519 471 1738 515 Cretenses

195 542 519 596 magnitudinem
566 540 732 582 naviuin
780 539 996 592 longarum
1046 541 1262 594 timerent,
1325 554 1450 585 causa
1497 554 1579 584 non
1630 546 1735 585 erat.

195 614 390 656 Dandum
421 613 549 664 igitur
578 615 644 653 est
671 600 948 663 fragmentum
982 624 1091 653 anno
1120 615 1209 663 155,
1240 625 1315 655 nec
1342 616 1540 655 absonum
1568 613 1735 655 videtur

195 689 383 727 statuere
409 683 515 724 hanc
543 681 639 723 belli
682 680 833 723 Cretici
864 682 1061 735 originem
1091 681 1231 726 fuisse.
1287 683 1366 726 Sed
1396 685 1609 726 mittamus
1640 683 1739 726 Dio—

197 756 357 797 dorum.

308 826 488 867 Restant
517 823 599 863 duo
628 833 735 863 exce.
756 822 840 863 VV.
872 821 985 876 (150.
1021 825 1109 862 151.
1136 825 1250 874 c.l7)
1280 834 1386 875 quae
1415 827 1590 876 propter
1616 836 1740 876 argu-

196 900 381 938 mentum
412 893 533 934 nimis
565 891 846 944 »gnomicum«
880 896 990 933 certo
1021 893 1195 944 tempori
1213 892 1303 932 dari
1324 893 1487 934 omnino
1516 897 1739 946 nequeunt.

307 965 422 1016 Quae
456 962 591 1005 adhuc
628 961 854 1015 disputavi,
909 961 958 1004 iis
1004 973 1170 1015 operam
1210 961 1321 1014 dedi,
1364 966 1412 1005 ut
1451 966 1645 1017 excerpta
1683 963 1739 1007 ad

197 1049 320 1078 suum
348 1035 540 1087 quodque
582 1044 734 1074 annum
766 1032 983 1083 referrem,
1023 1031 1138 1072 nulla
1175 1031 1373 1073 librorum
1411 1034 1519 1074 unde
1544 1033 1739 1075 fluxerint

200 1107 362 1149 ratione
390 1104 546 1146 habita.
611 1103 697 1145 Iam
737 1101 1061 1154 fragmentorum
1092 1101 1232 1144 ordine
1259 1103 1483 1146 constituto
1514 1116 1647 1147 meum
1677 1107 1741 1147 est

200 1187 333 1231 pauca
356 1174 408 1216 de
430 1172 578 1215 finibus
605 1170 860 1223 singulorum
885 1170 1082 1212 librorum
1104 1170 1265 1212 afl'erre.
1323 1171 1412 1221 Qua
1436 1173 1477 1215 in
1509 1185 1554 1215 re
1579 1173 1741 1227 profici-

200 1247 398 1290 scendum
428 1249 539 1287 corte
569 1248 634 1286 cst
663 1255 688 1284 a
718 1242 902 1294 vestigiis
919 1274 930 1293 ‚
961 1255 1064 1295 quae
1093 1242 1210 1285 libris
1238 1256 1332 1285 mm.
1363 1248 1404 1286 et
1432 1245 1646 1287 Athenaeo
1675 1244 1742 1288 hic

198 1317 281 1361 illic
320 1319 487 1359 servata
535 1314 742 1357 debemus.
815 1312 931 1354 Talia
968 1317 1108 1355 autem
1148 1314 1325 1367 vestigia
1374 1318 1471 1357 sunt
1512 1314 1635 1358 haec:
1685 1315 1740 1358 ad

198 1400 359 1429 annum
713 1439 788 1477 167
808 1436 937 1478 XXX.
961 1438 1010 1477 13
1025 1437 1071 1477 ἐν
1086 1438 1139 1491 τῇ
1155 1439 1387 1493 τριακοστῇ
1397 1438 1739 1481 Athen.X1V.615

601 1475 616 1605 s
713 1510 789 1549 166
842 1508 1012 1560 (ΧΧΧΙ.
1075 1512 1110 1550 3.
1171 1514 1208 1550 4.
1267 1510 1313 1550 ἐν
1361 1512 1414 1564 τῇ
1460 1509 1610 1566 πρώτῃ
1669 1512 1741 1552 καὶ

199 1572 251 1614 Ol.
282 1570 411 1612 CLIII
871 1581 1115 1632 ‘coraxoo‘vff
1134 1579 1285 1621 Athen.
1317 1579 1364 1620 V.
1398 1579 1496 1634 194)

600 1614 614 1760 ὶ
716 1649 791 1688 165

716 1720 794 1758 164

713 1807 789 1845 163
818 1803 949 1846 XXX.
980 1807 1029 1845 10
1087 1803 1234 1857 »λογος
1257 1803 1337 1845 Za«
1370 1805 1458 1847 cod.

603 1838 618 1954 g
714 1877 791 1914 162

199 1936 252 1979 ol.
280 1935 408 1978 CLIV
716 1946 789 1985 161

602 1992 616 2133 ἐ
715 2017 792 2056 160
823 2014 955 2056 XXX.
985 2016 1039 2056 24
1070 2014 1117 2055 ἐν
1151 2016 1205 2069 τῇ
1230 2013 1379 2069 πρώτῃ
1410 2014 1482 2055 καὶ
1510 2017 1740 2070 τριακοστῇ

1148 2084 1297 2128 Athen.
1326 2085 1394 2128 VI.
1424 2088 1505 2128 274

606 2180 610 2192 ,
665 2206 667 2208 ¹
716 2157 790 2196 159

603 2211 617 2309 ᾗ
717 2227 794 2266 158

201 2288 254 2330 Ol·
286 2285 392 2329 CLV
716 2299 791 2337 157
819 2295 984 2338 XXXII.
1016 2298 1079 2337 20.
1109 2299 1133 2337 9
1160 2296 1208 2337 ἐν
1236 2298 1290 2351 τῇ
1309 2298 1541 2352 τριακοστῇ
1558 2296 1738 2352 δευτέρα

599 2322 614 2477 ὲ
879 2368 1026 2410 Athen
1057 2368 1107 2410 X.
1140 2371 1220 2410 440

717 2440 791 2478 156

719 2528 793 2565 155
823 2525 1015 2567 XXXIII.
1048 2528 1065 2566 1
1129 2525 1272 2577 »λογος
1297 2524 1370 2577 λγ«
1402 2524 1518 2566 codd.

603 2542 617 2674 ς

201 2656 251 2698 01.
282 2655 408 2698 CLVI
717 2669 792 2707 153

599 2686 614 2810 )
715 2739 790 2777 152
820 2736 1012 2778 XXXIII.
1040 2738 1089 2777 13
1119 2736 1167 2777 ἐν
1191 2738 1245 2790 τῇ
1270 2739 1391 2791 τρίτῃ
1418 2738 1489 2779 καὶ
1509 2739 1741 2791 τριακοστῇ

601 2812 609 2839 x

1193 2807 1288 2849 Ath.
1316 2807 1366 2850 X.
1398 2811 1478 2851 440
