1898 3104
933 196 985 235 26

291 329 374 372 Sed
398 328 529 372 multo
554 327 761 371 difficilior
788 341 856 372 res
884 332 949 372 est
968 329 1018 372 de
1046 329 1194 373 ceteris
1220 328 1476 384 fragmentis.
1532 329 1720 372 Alterum

181 412 266 444 exc.
304 400 352 444 P.
389 404 441 442 92
491 401 543 451 (c.
584 403 618 442 3.
661 400 726 452 2),
765 412 847 452 quo
887 401 1060 442 Archias
1097 412 1123 442 a
1166 401 1401 444 Ptolemaeo
1442 401 1720 443 Philemotore

181 472 321 524 (Diod.
351 472 501 513 XXXI.
535 474 583 512 18
594 471 630 523 P)
673 470 808 523 Cypro
837 470 1070 524 praefectus
1099 472 1276 513 insulam
1306 472 1516 514 Demetrio
1542 472 1720 524 prodere

182 542 365 584 voluisse
395 541 596 593 traditur,
631 541 738 594 quod
767 541 1156 595 Schweighauserus
1185 554 1293 583 anno
1328 546 1402 584 155
1435 542 1597 596 tribuit,
1627 555 1719 584 cum

183 612 484 655 Freinsheimio
512 611 564 653 ad
585 624 622 653 a.
648 615 724 653 154
752 613 891 664 potius
912 613 1134 664 retulerim,
1162 613 1233 654 ubi
1263 613 1314 654 ad
1343 614 1519 666 Cyprum
1550 613 1719 665 imperio

181 695 254 725 suo
296 682 566 735 subigendam
595 681 737 735 Syriae
776 695 848 724 rex
886 684 1060 725 maxime
1093 683 1269 725 animum
1308 684 1523 725 intendere
1565 687 1717 736 posset.

185 754 306 796 Initio
333 754 440 795 enim
471 753 567 794 anni
597 756 675 794 154
703 753 944 796 Ptolemaeo
975 753 1188 807 Physcone
1219 754 1264 808 (a
1285 754 1508 807 Cyrenaeis
1523 756 1558 807 ‘?)
1589 767 1716 808 regno

180 824 347 877 expulso
378 836 484 866 nova
514 824 621 865 inter
657 824 810 866 fratres
839 824 1096 867 Ptolemaeos
1127 825 1326 879 dissensio
1357 829 1449 866 orta
1479 831 1590 878 erat,
1635 839 1717 879 qua

180 895 394 936 occasione
413 895 513 935 data
531 894 708 936 Archias
727 906 776 936 ea
795 906 898 947 quae
927 895 1174 937 moliebatur
1193 895 1351 937 facilius
1372 896 1516 948 exequi
1541 900 1716 948 poterat.

178 965 352 1007 Accedit
381 964 492 1017 quod
522 964 665 1006 eodem
702 977 813 1006 anno
852 969 895 1007 et
925 966 1034 1007 inter
1061 965 1240 1008 Rhodios
1271 969 1313 1007 et
1341 965 1558 1008 Cretenses
1589 967 1715 1008 bella—

177 1035 317 1088 batur,
354 1039 398 1077 et
427 1035 692 1089 Pergamum,
738 1036 956 1089 Bithynia,
997 1036 1277 1090 Cappadocia,
1316 1037 1492 1089 Pontus,
1530 1037 1715 1079 Graecae

176 1106 299 1149 urbes
328 1105 434 1149 bello
471 1106 694 1160 implicitae
723 1110 844 1149 erant
873 1106 1087 1163 (XXXIII.
1123 1111 1184 1161 10,
1213 1111 1247 1150 1.
1297 1112 1360 1150 11.
1392 1111 1425 1161 1,
1453 1110 1510 1162 2),
1541 1111 1589 1151 ut
1618 1112 1715 1152 tunc

179 1190 312 1229 nemo,
361 1178 429 1229 qui
481 1178 681 1229 obstaret,
724 1178 933 1219 videretur
971 1191 1074 1220 esse.
1144 1179 1297 1221 Contra
1326 1180 1475 1232 quibus
1502 1180 1551 1221 de
1580 1181 1713 1221 causis

178 1246 570 1301 Schweighauserus
601 1260 636 1289 a.
662 1251 737 1289 155
760 1248 1037 1301 fragmentum
1066 1248 1237 1298 dederit,
1267 1262 1342 1291 nec
1361 1249 1448 1303 ipse
1468 1250 1716 1303 significavit

178 1332 256 1361 nec
286 1319 515 1372 perspicere
554 1319 660 1359 licet.
691 1342 742 1347 —
774 1319 890 1369 Quod
929 1324 1120 1371 superest
1158 1320 1305 1372 fragm.
1336 1321 1381 1361 P.
1420 1324 1467 1362 91
1501 1321 1557 1375 (c.
1590 1323 1631 1374 9)
1661 1322 1713 1363 ad

176 1390 329 1434 bellum
373 1390 483 1432 inter
521 1388 698 1432 Rhodios
735 1393 777 1432 et
817 1388 1036 1433 Cretenses
1076 1396 1238 1444 gestum
1279 1391 1328 1441 (c.
1373 1394 1433 1445 11,
1473 1394 1496 1433 2
1539 1405 1714 1436 comme-

174 1461 406 1515 moratum)
422 1464 624 1514 spectare,
651 1460 1040 1513 Schweighauserus
1064 1466 1175 1503 certe
1204 1462 1355 1515 optime
1384 1463 1614 1515 suspicatus
1634 1467 1711 1506 est.

174 1533 314 1585 Atque
345 1532 450 1575 serie
476 1531 639 1585 quidem
678 1535 963 1586 excerptorum
999 1532 1044 1574 P.
1074 1537 1263 1586 respecta
1303 1537 1378 1575 aut
1408 1533 1461 1575 ad
1495 1537 1593 1588 155,
1634 1538 1712 1577 aut

174 1603 229 1646 ad
262 1606 340 1645 154
367 1615 522 1644 annum
556 1602 817 1644 referendum
859 1607 935 1645 est.
990 1603 1084 1645 Jam
1115 1615 1204 1645 cum
1230 1604 1272 1645 in
1304 1603 1480 1646 historia
1508 1605 1603 1646 anni
1635 1608 1712 1646 154

171 1675 334 1727 piratici
371 1674 467 1715 belli
512 1675 668 1715 mentio
714 1673 810 1726 fiat,
891 1673 941 1715 de
978 1686 1087 1715 anno
1121 1678 1196 1715 155
1247 1679 1386 1716 autem
1433 1675 1532 1717 nihil
1569 1680 1711 1718 notum

172 1745 250 1797 sit,
296 1744 396 1785 dum
425 1744 508 1785 alia
537 1747 783 1796 argumenta
814 1743 987 1796 desunt,
1026 1755 1134 1785 anno
1167 1748 1242 1785 154
1270 1744 1448 1786 dandum
1477 1746 1564 1787 erit.
1622 1746 1711 1789 Hoc

172 1828 220 1857 eo
240 1827 403 1868 quoque
431 1813 608 1856 fortasse
629 1814 935 1867 comprobatur,
965 1814 1076 1867 quod
1107 1815 1215 1857 inter
1242 1827 1382 1868 naves,
1411 1816 1560 1869 quibus
1582 1817 1710 1859 Athe-

171 1898 302 1929 naeus
343 1885 473 1928 Attali
524 1884 652 1928 frater
694 1884 772 1928 hoc
812 1897 920 1928 anno
961 1885 1275 1940 Hellespontum
1307 1887 1451 1941 petiit,
1489 1886 1538 1929 αἱ
1575 1894 1708 1931 πέντε

170 1957 386 2011 τετρήρεις
416 1957 587 1997 Ῥοδίων
598 1959 683 1996 τῶν
720 1957 1054 1998 α’ποσταλεισῶν
1088 1957 1147 2005 εἰς
1176 1958 1252 1998 τὸν
1279 1960 1487 2012 Κρητικὸν
1518 1959 1709 2013 πόλεμον

172 2027 460 2082 dicuntu1·²⁷).
494 2027 697 2070 Diodorus
723 2028 830 2069 enim
851 2027 1033 2070 Rhodios
1062 2028 1177 2071 clade
1206 2028 1507 2073 aCretensibus
1538 2030 1706 2074 affectos

169 2111 261 2142 esse
297 2099 451 2151 tradit,
517 2099 628 2152 quod
666 2099 700 2140 si
729 2110 837 2140 anno
869 2102 945 2140 155
975 2099 1059 2140 iam
1088 2099 1241 2141 factum
1269 2105 1398 2152 esset,
1438 2107 1625 2154 respecto
1658 2115 1705 2144 eo

168 2171 284 2225 quod
323 2170 510 2223 sequenti
542 2182 579 2211 a.
615 2173 689 2210 153
719 2169 771 2211 ab
801 2170 974 2212 Achaeis
1007 2170 1206 2212 auxilium
1229 2172 1461 2224 petierunt,
1490 2185 1597 2215 anno
1629 2176 1705 2215 154

168 2242 353 2286 Rhodios
385 2241 590 2283 sociorum
620 2240 781 2282 auxiliis
810 2241 950 2294 potius
977 2240 1144 2283 adiutos
1175 2253 1287 2296 esse,
1327 2254 1450 2295 quam
1479 2242 1560 2285 illis
1586 2255 1704 2296 opem

169 2314 315 2357 tulisse
351 2316 633 2366 exspectares²
646 2316 661 2338 ⁸
670 2311 703 2365 ).

279 2384 428 2427 Suidae
454 2383 569 2426 locus
595 2395 714 2437 quem
743 2383 865 2437 capiti
897 2387 920 2426 3
947 2383 1171 2437 Schweigh.
1196 2384 1394 2438 inseruit,
1424 2397 1505 2438 quo
1534 2390 1703 2439 spectet,

167 2468 251 2498 non
272 2458 339 2497 est
367 2455 478 2507 quod
501 2466 709 2507 moneam3
736 2455 935 2497 Athenaei
955 2456 1080 2497 verba
1105 2455 1159 2509 (c.
1191 2458 1252 2495 13.
1283 2456 1331 2505 2)
1361 2455 1699 2499 verisimillimum

259 2592 321 2632 27)
347 2593 432 2634 post
454 2599 530 2624 voc.
558 2589 624 2622 τῶν
648 2589 784 2624 librarii
811 2590 919 2634 culpa
942 2589 1120 2625 excidisse
1141 2588 1286 2624 videtur
1308 2589 1418 2623 ἄλλων

255 2649 317 2690 28)
343 2646 511 2682 Ceterum
536 2646 632 2690 quod
653 2646 953 2683 Schneiderwirth
977 2647 1013 2682 in
1024 2647 1148 2682 libello
1174 2646 1219 2681 de
1232 2646 1381 2682 historia
1406 2646 1548 2683 Rhodia
1572 2660 1607 2693 p.
1632 2649 1701 2684 233

163 2705 299 2741 bellum
329 2704 521 2748 piraticum
545 2703 648 2739 annis
685 2705 864 2739 156-154
895 2709 1035 2749 gestum
1065 2713 1144 2739 esse
1176 2702 1377 2746 contendit,
1408 2704 1463 2740 illi
1491 2706 1567 2740 viro
1594 2705 1699 2741 docto

92 2782 94 2784 >
164 2760 429 2798 defendendum
469 2761 546 2797 erit.
605 2760 683 2803 Qua
722 2762 860 2797 ratione
901 2761 1028 2797 ductus
1068 2760 1158 2796 illud
1198 2761 1380 2804 statuerit,
1419 2761 1586 2798 videlicet
1628 2774 1700 2799 non

163 2818 389 2865 perspicitur.
