1898 3104
944 168 965 205 7

188 298 261 351 (cc.
292 302 328 340 4.
358 301 399 352 5)
428 299 705 342 Philocratem
736 300 779 338 et
799 298 1062 351 Astymedem
1090 310 1197 340 anno
1227 299 1394 340 ineunte
1409 298 1566 341 Romae
1594 297 1721 341 fuisse

188 370 285 412 inde
315 383 474 424 quoque
502 372 689 423 apparet,
718 369 826 421 quod
857 367 1072 424 α’ρχούσης
1100 372 1276 422 θερείας
1304 370 1359 421 (5.
1385 370 1427 417 4)
1455 369 1590 410 altera
1612 368 1722 411 Rho-

189 440 348 483 diorum
387 440 541 493 legatio
571 439 742 481 Romam
774 439 910 492 petiit.
976 439 1063 481 Iam
1092 440 1134 481 in
1163 439 1410 482 editionibus
1436 441 1625 493 sequitur
1652 451 1722 483 ex-

189 515 372 564 cerptum
385 511 428 552 P.
452 513 501 552 79
518 510 592 563 (cc.
614 511 749 563 6—9),
778 510 889 563 quod
911 509 1299 562 Schweighauserus
1309 509 1520 552 Valesium
1543 514 1721 563 secutus,

188 585 427 636 comparato
467 581 554 623 Liv.
582 580 706 623 XLV.
738 583 801 625 31.
838 580 943 622 libro
972 580 1089 622 XXX
1123 580 1167 633 (i.
1208 593 1242 622 e.
1283 592 1390 623 anno
1426 582 1521 636 167)
1564 582 1721 635 tribuit,

188 665 434 707 quamquam
472 653 513 695 in
558 652 645 695 cod.
671 652 931 694 Peiresciano
963 651 1129 704 eclogae
1156 652 1390 704 appositum
1427 652 1484 694 sit
1511 652 1629 705 λογος
1656 669 1720 708 κη.

188 723 388 777 Equidem
410 736 489 767 non
512 726 682 777 propter
703 725 841 765 notam
858 722 982 775 illam,
1011 734 1115 776 quae
1133 735 1213 765 non
1237 723 1466 765 necessario
1491 722 1545 765 ad
1572 724 1721 777 ipsum,

188 794 240 836 de
257 807 338 848 quo
356 806 490 837 sermo
505 797 581 845 est,
600 793 877 847 fragmentum
898 793 1113 836 referenda
1134 793 1296 835 videtur
1312 805 1415 846 esse,
1437 794 1511 836 sed
1530 798 1722 847 respecto

188 870 430 917 argumento
460 873 695 918 excerptum
733 864 787 906 ad
822 877 976 906 annum
1014 868 1090 906 168
1128 869 1170 906 et
1206 864 1351 906 librum
1381 864 1521 907 XXIX
1556 869 1724 907 conten-

189 935 318 978 derim
348 935 606 978 referendum
643 948 746 978 esse.
802 936 988 978 Primum
1028 925 1136 988 quod
1177 936 1230 977 ad
1258 936 1365 977 Livii
1396 935 1527 978 locum
1557 937 1722 987 attinet,

188 1018 269 1060 quo
306 1006 392 1049 solo
424 1005 808 1058 Schweighauserus
845 1005 1034 1058 fulcitur,
1074 1009 1117 1047 et
1155 1005 1237 1048 alia
1275 1006 1490 1048 occasione
1529 1006 1629 1049 data
1668 1007 1722 1049 de

188 1070 359 1120 diversis
386 1077 616 1131 principum
646 1078 863 1129 generibus
895 1078 1048 1121 dicitur
1068 1077 1210 1119 etalio
1232 1077 1369 1119 modo:
1401 1077 1484 1119 alia
1511 1078 1723 1121 occasione

188 1148 307 1199 data,
346 1148 444 1201 quia
485 1148 595 1202 apud
624 1148 784 1190 Livium
822 1147 910 1189 sola
948 1160 1015 1189 res
1056 1151 1122 1189 est
1158 1147 1209 1189 de
1241 1147 1534 1190 Macedonibus
1563 1149 1722 1192 Aetolis

186 1220 484 1270 Acarnanibus,
511 1223 655 1261 contra
673 1219 783 1272 apud
804 1218 1018 1271 Polybium
1038 1218 1179 1270 agitur
1201 1218 1251 1260 de
1273 1218 1469 1271 Epirotis,
1497 1219 1723 1273 Thessalis,

117 1345 122 1348 ,
186 1288 381 1339 Achaeis,
422 1289 606 1340 Rhodiis,
645 1288 759 1341 Cois3
789 1293 1008 1342 praeterea
1038 1288 1166 1330 verba
1208 1288 1422 1331 »secundis
1460 1289 1586 1331 rebus
1622 1289 1723 1332 elati

188 1360 466 1401 Romanorum
500 1359 632 1412 partis
660 1359 748 1400 eius
774 1359 956 1400 fautores
984 1359 1059 1400 soli
1089 1363 1176 1400 tum
1207 1359 1247 1399 in
1278 1359 1612 1412 magistratibus,
1644 1361 1721 1402 soli

187 1429 228 1472 in
259 1429 533 1483 legationibus
559 1436 702 1471 erant«
734 1428 860 1472 multo
889 1428 1032 1471 melius
1059 1429 1298 1471 referuntur
1327 1428 1381 1471 ad
1405 1428 1566 1483 Polybii
1596 1430 1724 1473 verba

192 1504 255 1542 10.
285 1503 309 1541 2
346 1502 433 1541 τῶν
460 1500 510 1541 δὲ
537 1499 805 1554 πραγμάτων
833 1499 1068 1554 ὁλοσχερῶς
1103 1500 1177 1540 ἐπὶ
1204 1499 1432 1553 Ῥωμαίους
1459 1487 1725 1554 κεκλικότων,

187 1570 520 1623 ἐπιπολάζοντες
536 1571 609 1613 dio?
636 1571 715 1613 τὸν
742 1570 890 1624 καιρόν
918 1570 961 1612 οἱ
988 1570 1214 1618 δοκοῦιτες
1242 1565 1355 1612 εἶναι
1376 1570 1493 1625 φίλοι
1509 1570 1725 1625 Ῥωμαίων

188 1642 237 1683 ἐν
264 1644 377 1684 πᾶσι
409 1644 498 1691 τοῖς
524 1641 850 1695 πολιτεύμασιν,
877 1641 936 1690 εἴς
963 1657 1009 1682 τε
1038 1641 1117 1690 τας
1145 1644 1382 1695 πρεσβείας
1410 1634 1529 1683 οὗτοι
1565 1646 1725 1686 καθίσ-

187 1728 319 1755 ταντο
344 1713 416 1755 καὶ
441 1713 514 1755 ταὶ
542 1710 675 1762 ἄλλας
691 1715 846 1767 χρείας.
903 1712 984 1755 Sed
1006 1712 1115 1766 quod
1135 1712 1265 1755 multo
1288 1713 1381 1765 plus
1402 1713 1527 1766 valet,
1556 1715 1722 1757 omnino

189 1784 242 1826 de
272 1784 435 1826 diversa
462 1796 507 1826 re
535 1784 645 1837 apud
674 1787 897 1837 utrumque
924 1795 1058 1825 sermo
1086 1786 1168 1834 est3
1196 1795 1292 1825 nam
1317 1783 1512 1837 Polybius
1542 1784 1645 1827 dicit
1672 1785 1723 1827 de

187 1855 423 1898 condicione
463 1856 550 1896 τῶν
594 1855 877 1908 ἐμπεσόντων
920 1854 979 1903 εἰς
1021 1855 1102 1903 τα“ς
1151 1854 1291 1903 αἰτίας
1339 1855 1451 1896 nava*
1494 1855 1573 1896 τόν
1616 1857 1725 1911 πρὸς

188 1930 364 1980 Πέρσεα
391 1925 595 1979 πόλεμον,
625 1926 763 1968 Livius
794 1925 895 1968 nihil
917 1926 993 1968 nisi
1015 1925 1065 1968 de
1088 1926 1218 1968 tribus
1237 1926 1458 1977 generibus
1477 1927 1722 1982 principum,

187 1998 259 2050 qui
290 1998 329 2038 in
350 1997 584 2039 civitatibus
603 2001 700 2038 tunc
728 1997 925 2049 temporis
954 2000 1086 2048 erant,
1115 1997 1215 2049 agit.
1274 1996 1390 2047 Quae
1418 2009 1512 2039 cum
1540 1999 1602 2039 ita
1628 1998 1723 2051 sint,

188 2068 224 2109 si
256 2067 309 2108 ad
336 2067 469 2119 ipsum
499 2066 720 2118 fragmenti
748 2070 1039 2119 argumentum
1062 2067 1301 2118 refugimus,
1330 2067 1506 2120 primum
1535 2073 1724 2121 apparet,

187 2138 321 2192 prima
350 2138 475 2179 verba
505 2135 718 2190 πρότερον
745 2136 1064 2187 ἐπιστήσαντες
1088 2136 1187 2185 τούς
1222 2136 1617 2190 ἀναγιγνώσκοντας
1648 2139 1725 2180 ἐπὶ

187 2209 267 2264 τὴν
293 2209 392 2261 περὶ
428 2211 637 2256 Δείνωνος
675 2209 745 2248 καὶ
781 2208 1061 2261 Πολυαράτου
1088 2208 1297 2264 διάληψιν
1332 2207 1492 2249 collatis
1537 2208 1588 2250 iis
1617 2221 1724 2262 quae

187 2284 356 2323 exstant
386 2279 425 2321 in
457 2278 544 2321 Liv.
564 2278 688 2321 XLV.
712 2282 762 2321 10
790 2279 1026 2321 »decretum
1054 2278 1181 2331 igitur
1210 2278 1432 2331 extemplo,
1470 2282 1520 2320 ut
1547 2280 1620 2332 qui
1649 2292 1723 2333 pro

187 2351 338 2393 Perseo
361 2350 559 2392 adversus
575 2350 782 2391 Romanos
808 2350 962 2391 dixisse
981 2349 1081 2402 quid
1102 2353 1178 2390 aut
1201 2348 1345 2390 fecisse
1369 2350 1724 2403 convincerentur,

187 2421 335 2473 capitis
379 2421 776 2464 condemnarentur«
831 2419 883 2461 ad
925 2425 1087 2472 tempus
1127 2424 1337 2472 spectare,
1383 2419 1491 2472 quod
1535 2421 1723 2473 proxime

187 2597 397 2642 significant.
445 2598 592 2633 Numeri
615 2599 795 2643 excerptis
821 2601 853 2631 A
877 2603 915 2632 et
938 2598 967 2631 B
992 2597 1158 2641 adscripti
1186 2597 1231 2632 ad
1250 2598 1372 2632 Vulvii
1385 2598 1506 2633 Ursini
1528 2597 1720 2632 editionem

186 2655 422 2699 (Antverpiae
450 2656 554 2699 1582)
586 2655 748 2691 redeunt.
803 2655 996 2690 Praeterea
1021 2665 1096 2689 exc.
1121 2653 1361 2689 Peirescianis
1395 2664 1538 2700 quoque
1564 2660 1601 2690 et
1624 2654 1722 2690 Vati-

186 2712 301 2753 canis,
338 2716 376 2747 ut
408 2712 535 2748 melius
559 2708 713 2747 discerni
748 2717 784 2747 et
815 2711 935 2747 afferri
958 2715 1122 2756 possent,
1157 2713 1343 2747 continuos
1369 2722 1536 2747 numeros
1569 2713 1722 2757 apposui

185 2768 381 2805 secundum
405 2770 543 2805 Valesii
567 2769 733 2815 (Parisiis
760 2769 863 2814 1534)
888 2773 925 2805 et
948 2768 1074 2813 Heysii
1100 2768 1276 2804 editiones
1296 2768 1473 2812 (Berolini
1499 2771 1615 2812 1846).

1435 2837 1485 2872 1·
