<?xml version="1.0" encoding="UTF-8"?>
<!DOCTYPE html PUBLIC "-//W3C//DTD XHTML 1.0 Transitional//EN"
    "http://www.w3.org/TR/xhtml1/DTD/xhtml1-transitional.dtd">
<html xmlns="http://www.w3.org/1999/xhtml" xml:lang="en" lang="en">
 <head>
  <title>
</title>
<meta http-equiv="Content-Type" content="text/html;charset=utf-8" />
  <meta name='ocr-system' content='tesseract 3.04.00' />
  <meta name='ocr-capabilities' content='ocr_page ocr_carea ocr_par ocr_line ocrx_word'/>
</head>
<body>
  <div class='ocr_page' id='page_1' title='image "4626078_0024.png"; bbox 0 0 1898 3104; ppageno 0'>
   <div class='ocr_carea' id='block_1_1' title="bbox 897 182 946 220">
    <p class='ocr_par' dir='ltr' id='par_1_1' title="bbox 897 182 946 220">
     <span class='ocr_line' id='line_1_1' title="bbox 897 182 946 220; baseline 0.02 -1"><span class='ocrx_word' id='word_1_1' title='bbox 897 182 946 220; x_wconf 88' lang='lat'>18</span> 
     </span>
    </p>
   </div>
   <div class='ocr_carea' id='block_1_2' title="bbox 144 307 1691 2843">
    <p class='ocr_par' dir='ltr' id='par_1_2' title="bbox 149 307 1690 580">
     <span class='ocr_line' id='line_1_2' title="bbox 149 307 1686 371; baseline 0.001 -16"><span class='ocrx_word' id='word_1_2' title='bbox 149 312 306 366; x_wconf 82' lang='lat' dir='ltr'>thongo</span> <span class='ocrx_word' id='word_1_3' title='bbox 336 327 373 353; x_wconf 73' lang='grc' dir='ltr'>ει</span> <span class='ocrx_word' id='word_1_4' title='bbox 398 311 698 367; x_wconf 72' lang='grc' dir='ltr'>(ἐδυσχέραινε</span> <span class='ocrx_word' id='word_1_5' title='bbox 727 313 797 354; x_wconf 75' lang='grc' dir='ltr'>καὶ</span> <span class='ocrx_word' id='word_1_6' title='bbox 829 307 951 368; x_wconf 76' lang='grc' dir='ltr'><em>εἶπε)</em></span> <span class='ocrx_word' id='word_1_7' title='bbox 979 312 1295 357; x_wconf 85' lang='lat' dir='ltr'>molestissimus</span> <span class='ocrx_word' id='word_1_8' title='bbox 1324 312 1396 371; x_wconf 84' lang='lat' dir='ltr'>(ef.</span> <span class='ocrx_word' id='word_1_9' title='bbox 1422 314 1686 358; x_wconf 83' lang='lat' dir='ltr'>Benselerum</span> 
     </span>
     <span class='ocr_line' id='line_1_3' title="bbox 149 384 1689 439; baseline 0.001 -13"><span class='ocrx_word' id='word_1_10' title='bbox 149 385 201 427; x_wconf 91' lang='lat' dir='ltr'>de</span> <span class='ocrx_word' id='word_1_11' title='bbox 230 385 347 425; x_wconf 88' lang='lat' dir='ltr'>hiatu</span> <span class='ocrx_word' id='word_1_12' title='bbox 377 384 661 436; x_wconf 83' lang='lat' dir='ltr'>disputantem</span> <span class='ocrx_word' id='word_1_13' title='bbox 689 384 722 425; x_wconf 92' lang='lat' dir='ltr'>I.</span> <span class='ocrx_word' id='word_1_14' title='bbox 754 388 844 426; x_wconf 86' lang='lat'>310.</span> <span class='ocrx_word' id='word_1_15' title='bbox 876 387 964 437; x_wconf 83' lang='grc'><strong>46).</strong></span> <span class='ocrx_word' id='word_1_16' title='bbox 1032 384 1195 426; x_wconf 81' lang='lat' dir='ltr'><strong>Ultimis</strong></span> <span class='ocrx_word' id='word_1_17' title='bbox 1227 385 1322 427; x_wconf 87' lang='lat' dir='ltr'>Vat.</span> <span class='ocrx_word' id='word_1_18' title='bbox 1364 385 1500 428; x_wconf 87' lang='lat' dir='ltr'>verbis</span> <span class='ocrx_word' id='word_1_19' title='bbox 1536 386 1689 439; x_wconf 88' lang='lat' dir='ltr'>optime</span> 
     </span>
     <span class='ocr_line' id='line_1_4' title="bbox 149 454 1690 509; baseline 0.001 -11"><span class='ocrx_word' id='word_1_20' title='bbox 149 455 432 498; x_wconf 84' lang='lat' dir='ltr'>adnectuntur</span> <span class='ocrx_word' id='word_1_21' title='bbox 458 467 526 503; x_wconf 82' lang='lat' dir='ltr'>ea,</span> <span class='ocrx_word' id='word_1_22' title='bbox 551 454 712 507; x_wconf 85' lang='lat' dir='ltr'>quael.</span> <span class='ocrx_word' id='word_1_23' title='bbox 741 454 914 498; x_wconf 84' lang='lat' dir='ltr'>XXXII.</span> <span class='ocrx_word' id='word_1_24' title='bbox 945 467 978 498; x_wconf 90' lang='lat' dir='ltr'>c.</span> <span class='ocrx_word' id='word_1_25' title='bbox 1011 458 1072 497; x_wconf 93' lang='grc'>11.</span> <span class='ocrx_word' id='word_1_26' title='bbox 1102 466 1189 509; x_wconf 87' lang='lat' dir='ltr'>par.</span> <span class='ocrx_word' id='word_1_27' title='bbox 1221 459 1338 500; x_wconf 82' lang='lat' dir='ltr'>sexta</span> <span class='ocrx_word' id='word_1_28' title='bbox 1366 456 1562 500; x_wconf 85' lang='lat' dir='ltr'>continet.</span> <span class='ocrx_word' id='word_1_29' title='bbox 1620 456 1690 499; x_wconf 89' lang='lat' dir='ltr'>In-</span> 
     </span>
     <span class='ocr_line' id='line_1_5' title="bbox 149 525 1059 580; baseline -0.002 -11"><span class='ocrx_word' id='word_1_30' title='bbox 149 531 273 580; x_wconf 83' lang='lat' dir='ltr'>tegra</span> <span class='ocrx_word' id='word_1_31' title='bbox 302 526 432 578; x_wconf 88' lang='lat' dir='ltr'>igitur</span> <span class='ocrx_word' id='word_1_32' title='bbox 460 525 621 578; x_wconf 91' lang='lat' dir='ltr'>Polybii</span> <span class='ocrx_word' id='word_1_33' title='bbox 652 525 778 567; x_wconf 85' lang='lat' dir='ltr'>verba</span> <span class='ocrx_word' id='word_1_34' title='bbox 808 525 910 567; x_wconf 84' lang='lat' dir='ltr'>haec</span> <span class='ocrx_word' id='word_1_35' title='bbox 939 529 1059 567; x_wconf 90' lang='lat' dir='ltr'>sunt.</span> 
     </span>
    </p>

    <p class='ocr_par' dir='ltr' id='par_1_3' title="bbox 179 595 1691 935">
     <span class='ocr_line' id='line_1_6' title="bbox 179 595 1690 652; baseline -0.001 -12"><span class='ocrx_word' id='word_1_36' title='bbox 179 601 221 640; x_wconf 85' lang='grc'>5</span> <span class='ocrx_word' id='word_1_37' title='bbox 490 595 549 645; x_wconf 84' lang='grc' dir='ltr'>εἰς</span> <span class='ocrx_word' id='word_1_38' title='bbox 586 598 712 637; x_wconf 84' lang='grc' dir='ltr'><strong><em>τοῦτο</em></strong></span> <span class='ocrx_word' id='word_1_39' title='bbox 751 596 801 638; x_wconf 78' lang='grc' dir='ltr'>τὸ</span> <span class='ocrx_word' id='word_1_40' title='bbox 838 601 964 650; x_wconf 83' lang='grc' dir='ltr'><em>μέρος</em></span> <span class='ocrx_word' id='word_1_41' title='bbox 1001 596 1229 651; x_wconf 77' lang='grc' dir='ltr'><em>εὐχέρειαν.</em></span> <span class='ocrx_word' id='word_1_42' title='bbox 1277 597 1349 638; x_wconf 85' lang='grc' dir='ltr'>καὶ</span> <span class='ocrx_word' id='word_1_43' title='bbox 1398 596 1587 652; x_wconf 82' lang='grc' dir='ltr'><strong><em>τοσαύτη</em></strong></span> <span class='ocrx_word' id='word_1_44' title='bbox 1627 612 1690 646; x_wconf 87' lang='grc' dir='ltr'>τις</span> 
     </span>
     <span class='ocr_line' id='line_1_7' title="bbox 368 665 1690 723; baseline 0.002 -18"><span class='ocrx_word' id='word_1_45' title='bbox 368 666 582 708; x_wconf 56' lang='lat' dir='ltr'>axostao&#39;la</span> <span class='ocrx_word' id='word_1_46' title='bbox 641 667 713 707; x_wconf 72' lang='grc' dir='ltr'>καὶ</span> <span class='ocrx_word' id='word_1_47' title='bbox 761 666 994 722; x_wconf 71' lang='grc' dir='ltr'>’ἴηλίκαυΐη</span> <span class='ocrx_word' id='word_1_48' title='bbox 1041 682 1100 708; x_wconf 77' lang='lat' dir='ltr'>‘nc</span> <span class='ocrx_word' id='word_1_49' title='bbox 1150 665 1442 709; x_wconf 72' lang='grc' dir='ltr'>ἐνεπδπΐωκὲι</span> <span class='ocrx_word' id='word_1_50' title='bbox 1487 668 1587 723; x_wconf 69' lang='grc' dir='ltr'>περὶ</span> <span class='ocrx_word' id='word_1_51' title='bbox 1632 667 1690 708; x_wconf 73' lang='grc' dir='ltr'>τα</span> 
     </span>
     <span class='ocr_line' id='line_1_8' title="bbox 367 737 1689 793; baseline 0.002 -15"><span class='ocrx_word' id='word_1_52' title='bbox 367 739 546 779; x_wconf 85' lang='grc' dir='ltr'><em>τοιαῦτα</em></span> <span class='ocrx_word' id='word_1_53' title='bbox 583 739 668 779; x_wconf 78' lang='grc' dir='ltr'>τῶν</span> <span class='ocrx_word' id='word_1_54' title='bbox 698 737 1014 780; x_wconf 83' lang='grc' dir='ltr'><em>ἐκτοπωτάτων</em></span> <span class='ocrx_word' id='word_1_55' title='bbox 1051 739 1182 793; x_wconf 80' lang='grc' dir='ltr'><em>ἔργων</em></span> <span class='ocrx_word' id='word_1_56' title='bbox 1219 738 1410 792; x_wconf 83' lang='grc' dir='ltr'><em>α’κρασία</em></span> <span class='ocrx_word' id='word_1_57' title='bbox 1445 742 1534 788; x_wconf 78' lang='grc' dir='ltr'><strong><em>τοῖς</em></strong></span> <span class='ocrx_word' id='word_1_58' title='bbox 1570 745 1689 791; x_wconf 78' lang='grc' dir='ltr'><strong><em>νέοις,</em></strong></span> 
     </span>
     <span class='ocr_line' id='line_1_9' title="bbox 368 806 1688 864; baseline 0.002 -16"><span class='ocrx_word' id='word_1_59' title='bbox 368 806 481 850; x_wconf 77' lang='grc' dir='ltr'>ἇίοιε</span> <span class='ocrx_word' id='word_1_60' title='bbox 528 808 712 856; x_wconf 78' lang='grc' dir='ltr'><strong><em>πολλοῦς</em></strong></span> <span class='ocrx_word' id='word_1_61' title='bbox 771 811 853 862; x_wconf 81' lang='grc' dir='ltr'>μὲι</span> <span class='ocrx_word' id='word_1_62' title='bbox 903 807 1117 863; x_wconf 75' lang='grc' dir='ltr'><em>ἐρώμενοι·</em></span> <span class='ocrx_word' id='word_1_63' title='bbox 1162 808 1413 864; x_wconf 79' lang='grc' dir='ltr'>ῆγορακείαι</span> <span class='ocrx_word' id='word_1_64' title='bbox 1461 808 1688 864; x_wconf 84' lang='grc' dir='ltr'><em>ταλάντου,</em></span> 
     </span>
     <span class='ocr_line' id='line_1_10' title="bbox 368 879 1691 935; baseline 0.002 -14"><span class='ocrx_word' id='word_1_65' title='bbox 368 879 553 928; x_wconf 71' lang='grc' dir='ltr'><strong><em>πολλοῦς</em></strong></span> <span class='ocrx_word' id='word_1_66' title='bbox 608 880 658 921; x_wconf 81' lang='grc' dir='ltr'>δὲ</span> <span class='ocrx_word' id='word_1_67' title='bbox 702 885 879 934; x_wconf 83' lang='grc' dir='ltr'><em>ταρίχου</em></span> <span class='ocrx_word' id='word_1_68' title='bbox 918 882 1131 923; x_wconf 76' lang='grc' dir='ltr'>Ποιτικοῧ</span> <span class='ocrx_word' id='word_1_69' title='bbox 1187 879 1391 934; x_wconf 82' lang='grc' dir='ltr'><em>κεράμιον</em></span> <span class='ocrx_word' id='word_1_70' title='bbox 1437 885 1691 935; x_wconf 83' lang='grc' dir='ltr'><strong><em>τριακοσίων</em></strong></span> 
     </span>
    </p>

    <p class='ocr_par' dir='ltr' id='par_1_4' title="bbox 175 945 1691 1291">
     <span class='ocr_line' id='line_1_11' title="bbox 175 945 1688 1004; baseline -0.001 -12"><span class='ocrx_word' id='word_1_71' title='bbox 175 955 200 992; x_wconf 86' lang='grc'><strong>6</strong></span> <span class='ocrx_word' id='word_1_72' title='bbox 367 950 583 1004; x_wconf 82' lang='grc' dir='ltr'>δραχμῶν.</span> <span class='ocrx_word' id='word_1_73' title='bbox 613 950 681 1004; x_wconf 79' lang='grc' dir='ltr'>ἐφ’</span> <span class='ocrx_word' id='word_1_74' title='bbox 710 945 773 998; x_wconf 78' lang='grc' dir='ltr'><strong><em>οἷς</em></strong></span> <span class='ocrx_word' id='word_1_75' title='bbox 809 951 880 991; x_wconf 78' lang='grc' dir='ltr'>καὶ</span> <span class='ocrx_word' id='word_1_76' title='bbox 910 950 1091 1004; x_wconf 90' lang='grc' dir='ltr'><em>Μάρκος</em></span> <span class='ocrx_word' id='word_1_77' title='bbox 1117 950 1411 1003; x_wconf 81' lang='grc' dir='ltr'><em>δυσχεραίνων</em></span> <span class='ocrx_word' id='word_1_78' title='bbox 1448 945 1551 992; x_wconf 74' lang='grc' dir='ltr'><em>εἶπέ</em></span> <span class='ocrx_word' id='word_1_79' title='bbox 1579 966 1688 992; x_wconf 89' lang='grc' dir='ltr'>ποτε</span> 
     </span>
     <span class='ocr_line' id='line_1_12' title="bbox 369 1020 1689 1077; baseline 0.002 -16"><span class='ocrx_word' id='word_1_80' title='bbox 369 1021 478 1075; x_wconf 80' lang='grc' dir='ltr'><em>πρός</em></span> <span class='ocrx_word' id='word_1_81' title='bbox 504 1036 582 1062; x_wconf 89' lang='grc' dir='ltr'>τον</span> <span class='ocrx_word' id='word_1_82' title='bbox 610 1021 665 1062; x_wconf 67' lang='grc' dir='ltr'>δι’</span> <span class='ocrx_word' id='word_1_83' title='bbox 638 1036 747 1075; x_wconf 61' lang='grc' dir='ltr'><strong><em>ῃμον</em></strong></span> <span class='ocrx_word' id='word_1_84' title='bbox 782 1037 848 1063; x_wconf 89' lang='grc' dir='ltr'>οτι</span> <span class='ocrx_word' id='word_1_85' title='bbox 876 1021 1050 1074; x_wconf 76' lang='grc' dir='ltr'><em>μάλιστ’</em></span> <span class='ocrx_word' id='word_1_86' title='bbox 1085 1020 1142 1062; x_wconf 85' lang='grc' dir='ltr'>άυ</span> <span class='ocrx_word' id='word_1_87' title='bbox 1174 1021 1391 1063; x_wconf 71' lang='grc' dir='ltr'><em>κατίιδοιει</em></span> <span class='ocrx_word' id='word_1_88' title='bbox 1428 1021 1506 1077; x_wconf 73' lang='grc' dir='ltr'>τήν</span> <span class='ocrx_word' id='word_1_89' title='bbox 1535 1023 1611 1063; x_wconf 81' lang='grc' dir='ltr'>ἐπὶ</span> <span class='ocrx_word' id='word_1_90' title='bbox 1638 1022 1689 1063; x_wconf 76' lang='grc' dir='ltr'>τό</span> 
     </span>
     <span class='ocr_line' id='line_1_13' title="bbox 366 1092 1689 1147; baseline 0.002 -15"><span class='ocrx_word' id='word_1_91' title='bbox 366 1094 509 1145; x_wconf 70' lang='grc' dir='ltr'>χῦἴρον</span> <span class='ocrx_word' id='word_1_92' title='bbox 560 1092 787 1147; x_wconf 68' lang='grc' dir='ltr'>προκοπήν</span> <span class='ocrx_word' id='word_1_93' title='bbox 837 1094 911 1147; x_wconf 74' lang='grc' dir='ltr'>τῆς</span> <span class='ocrx_word' id='word_1_94' title='bbox 963 1092 1180 1141; x_wconf 70' lang='grc' dir='ltr'><strong><em>πολιτείας</em></strong></span> <span class='ocrx_word' id='word_1_95' title='bbox 1231 1093 1278 1134; x_wconf 70' lang='grc' dir='ltr'>ἐκ</span> <span class='ocrx_word' id='word_1_96' title='bbox 1331 1094 1514 1145; x_wconf 74' lang='grc' dir='ltr'>ΐθῧΐων,</span> <span class='ocrx_word' id='word_1_97' title='bbox 1580 1107 1689 1135; x_wconf 73' lang='grc' dir='ltr'>Οΐαν</span> 
     </span>
     <span class='ocr_line' id='line_1_14' title="bbox 369 1162 1691 1217; baseline 0.001 -13"><span class='ocrx_word' id='word_1_98' title='bbox 369 1162 638 1216; x_wconf 83' lang='grc' dir='ltr'>πωλούμενοι</span> <span class='ocrx_word' id='word_1_99' title='bbox 658 1163 811 1204; x_wconf 79' lang='grc' dir='ltr'><em>πλεῖον</em></span> <span class='ocrx_word' id='word_1_100' title='bbox 830 1163 1083 1215; x_wconf 75' lang='grc' dir='ltr'><em>εὑρίσκωσιν</em></span> <span class='ocrx_word' id='word_1_101' title='bbox 1108 1162 1149 1204; x_wconf 78' lang='grc' dir='ltr'><strong><em>οἱ</em></strong></span> <span class='ocrx_word' id='word_1_102' title='bbox 1173 1166 1254 1217; x_wconf 78' lang='grc' dir='ltr'>μὲν</span> <span class='ocrx_word' id='word_1_103' title='bbox 1281 1163 1515 1217; x_wconf 79' lang='grc' dir='ltr'><em>εὐπρεπεῖς</em></span> <span class='ocrx_word' id='word_1_104' title='bbox 1533 1164 1691 1212; x_wconf 79' lang='grc' dir='ltr'><em>παῖδες</em></span> 
     </span>
     <span class='ocr_line' id='line_1_15' title="bbox 366 1233 1688 1291; baseline 0.002 -16"><span class='ocrx_word' id='word_1_105' title='bbox 366 1236 454 1275; x_wconf 79' lang='grc' dir='ltr'>τῶν</span> <span class='ocrx_word' id='word_1_106' title='bbox 488 1234 648 1288; x_wconf 78' lang='grc' dir='ltr'><em>άγρῶν,</em></span> <span class='ocrx_word' id='word_1_107' title='bbox 701 1234 757 1275; x_wconf 78' lang='grc' dir='ltr'>τά</span> <span class='ocrx_word' id='word_1_108' title='bbox 793 1234 843 1276; x_wconf 80' lang='grc' dir='ltr'>δὲ</span> <span class='ocrx_word' id='word_1_109' title='bbox 878 1233 1063 1288; x_wconf 76' lang='grc' dir='ltr'><em>κεράμια</em></span> <span class='ocrx_word' id='word_1_110' title='bbox 1101 1237 1180 1276; x_wconf 87' lang='grc' dir='ltr'>τοῦ</span> <span class='ocrx_word' id='word_1_111' title='bbox 1217 1240 1394 1289; x_wconf 84' lang='grc' dir='ltr'><em>ταρίχου</em></span> <span class='ocrx_word' id='word_1_112' title='bbox 1430 1237 1517 1277; x_wconf 81' lang='grc' dir='ltr'>τῶν</span> <span class='ocrx_word' id='word_1_113' title='bbox 1551 1237 1688 1291; x_wconf 84' lang='grc' dir='ltr'><em>ζευγη-</em></span> 
     </span>
    </p>

    <p class='ocr_par' dir='ltr' id='par_1_5' title="bbox 178 1305 900 1360">
     <span class='ocr_line' id='line_1_16' title="bbox 178 1305 900 1360; baseline -0.001 -13"><span class='ocrx_word' id='word_1_114' title='bbox 178 1310 199 1347; x_wconf 88' lang='grc'><strong>7</strong></span> <span class='ocrx_word' id='word_1_115' title='bbox 366 1305 522 1347; x_wconf 84' lang='grc' dir='ltr'><em>λάτων.</em></span> <span class='ocrx_word' id='word_1_116' title='bbox 552 1308 713 1360; x_wconf 75' lang='grc' dir='ltr'><em>συνέβη</em></span> <span class='ocrx_word' id='word_1_117' title='bbox 735 1306 784 1346; x_wconf 75' lang='grc' dir='ltr'>δὲ</span> <span class='ocrx_word' id='word_1_118' title='bbox 813 1305 900 1346; x_wconf 80' lang='grc' dir='ltr'>κτλ.</span> 
     </span>
    </p>

    <p class='ocr_par' dir='ltr' id='par_1_6' title="bbox 149 1376 1684 1429">
     <span class='ocr_line' id='line_1_17' title="bbox 149 1376 1684 1429; baseline -0.001 -10"><span class='ocrx_word' id='word_1_119' title='bbox 149 1378 344 1420; x_wconf 87' lang='lat' dir='ltr'>Ceterum</span> <span class='ocrx_word' id='word_1_120' title='bbox 369 1377 450 1418; x_wconf 91' lang='lat' dir='ltr'>iam</span> <span class='ocrx_word' id='word_1_121' title='bbox 478 1376 666 1417; x_wconf 78' lang='lat' dir='ltr'>Valesius</span> <span class='ocrx_word' id='word_1_122' title='bbox 695 1376 931 1417; x_wconf 83' lang='lat' dir='ltr'>adnotavit:</span> <span class='ocrx_word' id='word_1_123' title='bbox 976 1376 1093 1417; x_wconf 81' lang='lat' dir='ltr'>»Huc</span> <span class='ocrx_word' id='word_1_124' title='bbox 1130 1376 1313 1429; x_wconf 81' lang='lat' dir='ltr'>pertinet</span> <span class='ocrx_word' id='word_1_125' title='bbox 1350 1376 1584 1427; x_wconf 84' lang='lat' dir='ltr'>obiurgatio</span> <span class='ocrx_word' id='word_1_126' title='bbox 1612 1376 1684 1418; x_wconf 88' lang='lat' dir='ltr'>illa</span> 
     </span>
    </p>

    <p class='ocr_par' dir='ltr' id='par_1_7' title="bbox 149 1444 1686 1500">
     <span class='ocr_line' id='line_1_18' title="bbox 149 1444 1686 1500; baseline -0.001 -11"><span class='ocrx_word' id='word_1_127' title='bbox 149 1447 340 1492; x_wconf 80' lang='lat' dir='ltr'>Catonis,</span> <span class='ocrx_word' id='word_1_128' title='bbox 370 1446 436 1500; x_wconf 90' lang='lat' dir='ltr'>qui</span> <span class='ocrx_word' id='word_1_129' title='bbox 469 1446 581 1488; x_wconf 89' lang='lat' dir='ltr'>locus</span> <span class='ocrx_word' id='word_1_130' title='bbox 613 1445 772 1498; x_wconf 81' lang='lat' dir='ltr'>Polybii</span> <span class='ocrx_word' id='word_1_131' title='bbox 799 1449 896 1498; x_wconf 85' lang='lat' dir='ltr'>post</span> <span class='ocrx_word' id='word_1_132' title='bbox 926 1458 976 1488; x_wconf 88' lang='lat' dir='ltr'>ea</span> <span class='ocrx_word' id='word_1_133' title='bbox 1003 1446 1129 1488; x_wconf 87' lang='lat' dir='ltr'>verba</span> <span class='ocrx_word' id='word_1_134' title='bbox 1167 1458 1273 1499; x_wconf 87' lang='lat' dir='ltr'>quae</span> <span class='ocrx_word' id='word_1_135' title='bbox 1299 1445 1364 1488; x_wconf 85' lang='lat' dir='ltr'>hic</span> <span class='ocrx_word' id='word_1_136' title='bbox 1392 1446 1515 1488; x_wconf 89' lang='lat' dir='ltr'>attuli</span> <span class='ocrx_word' id='word_1_137' title='bbox 1546 1444 1686 1497; x_wconf 75' lang='grc' dir='ltr'><em>(ὥστε</em></span> 
     </span>
    </p>

    <p class='ocr_par' dir='ltr' id='par_1_8' title="bbox 150 1515 1687 1571">
     <span class='ocr_line' id='line_1_19' title="bbox 150 1515 1687 1571; baseline -0.001 -12"><span class='ocrx_word' id='word_1_138' title='bbox 150 1518 332 1566; x_wconf 77' lang='grc' dir='ltr'><strong><em>πολλοῦς</em></strong></span> <span class='ocrx_word' id='word_1_139' title='bbox 359 1520 440 1571; x_wconf 78' lang='grc' dir='ltr'>μὲν</span> <span class='ocrx_word' id='word_1_140' title='bbox 470 1515 685 1570; x_wconf 80' lang='grc' dir='ltr'>ἐρώμενον</span> <span class='ocrx_word' id='word_1_141' title='bbox 712 1517 961 1571; x_wconf 72' lang='grc' dir='ltr'>ἢγορακείἀι</span> <span class='ocrx_word' id='word_1_142' title='bbox 988 1516 1224 1569; x_wconf 81' lang='grc' dir='ltr'><em>ταλάντου)</em></span> <span class='ocrx_word' id='word_1_143' title='bbox 1250 1517 1406 1570; x_wconf 83' lang='lat' dir='ltr'>positus</span> <span class='ocrx_word' id='word_1_144' title='bbox 1435 1517 1531 1558; x_wconf 79' lang='lat' dir='ltr'>mihi</span> <span class='ocrx_word' id='word_1_145' title='bbox 1561 1517 1687 1559; x_wconf 77' lang='lat' dir='ltr'>fuisse</span> 
     </span>
    </p>

    <p class='ocr_par' dir='ltr' id='par_1_9' title="bbox 148 1586 1687 1853">
     <span class='ocr_line' id='line_1_20' title="bbox 148 1586 1687 1641; baseline -0.002 -10"><span class='ocrx_word' id='word_1_146' title='bbox 148 1589 352 1631; x_wconf 73' lang='lat' dir='ltr'>videtur«.</span> <span class='ocrx_word' id='word_1_147' title='bbox 410 1586 471 1629; x_wconf 83' lang='lat' dir='ltr'>Ad</span> <span class='ocrx_word' id='word_1_148' title='bbox 513 1599 663 1628; x_wconf 88' lang='lat' dir='ltr'>annum</span> <span class='ocrx_word' id='word_1_149' title='bbox 698 1590 774 1628; x_wconf 87' lang='grc'>160</span> <span class='ocrx_word' id='word_1_150' title='bbox 813 1590 1030 1638; x_wconf 84' lang='lat' dir='ltr'>praeterea</span> <span class='ocrx_word' id='word_1_151' title='bbox 1069 1600 1154 1629; x_wconf 85' lang='lat' dir='ltr'>exc.</span> <span class='ocrx_word' id='word_1_152' title='bbox 1186 1587 1233 1629; x_wconf 91' lang='lat' dir='ltr'>V.</span> <span class='ocrx_word' id='word_1_153' title='bbox 1266 1590 1341 1628; x_wconf 79' lang='lat'>143</span> <span class='ocrx_word' id='word_1_154' title='bbox 1382 1586 1555 1640; x_wconf 87' lang='lat' dir='ltr'>(XXXI.</span> <span class='ocrx_word' id='word_1_155' title='bbox 1585 1588 1687 1641; x_wconf 73' lang='grc'><strong>173.)</strong></span> 
     </span>
     <span class='ocr_line' id='line_1_21' title="bbox 148 1656 1687 1712; baseline -0.001 -12"><span class='ocrx_word' id='word_1_156' title='bbox 148 1659 351 1712; x_wconf 79' lang='lat' dir='ltr'>pertinet,</span> <span class='ocrx_word' id='word_1_157' title='bbox 386 1658 427 1698; x_wconf 86' lang='lat' dir='ltr'>id</span> <span class='ocrx_word' id='word_1_158' title='bbox 461 1657 567 1709; x_wconf 85' lang='lat' dir='ltr'>quod</span> <span class='ocrx_word' id='word_1_159' title='bbox 596 1669 645 1698; x_wconf 87' lang='lat' dir='ltr'>ex</span> <span class='ocrx_word' id='word_1_160' title='bbox 675 1656 780 1699; x_wconf 84' lang='lat' dir='ltr'>serie</span> <span class='ocrx_word' id='word_1_161' title='bbox 810 1657 1098 1698; x_wconf 87' lang='lat' dir='ltr'>Vaticanorum</span> <span class='ocrx_word' id='word_1_162' title='bbox 1131 1660 1315 1710; x_wconf 82' lang='lat' dir='ltr'>apparet.</span> <span class='ocrx_word' id='word_1_163' title='bbox 1378 1657 1492 1699; x_wconf 87' lang='lat' dir='ltr'>Haec</span> <span class='ocrx_word' id='word_1_164' title='bbox 1529 1669 1578 1699; x_wconf 88' lang='lat' dir='ltr'>ex</span> <span class='ocrx_word' id='word_1_165' title='bbox 1613 1669 1687 1699; x_wconf 86' lang='lat' dir='ltr'>an-</span> 
     </span>
     <span class='ocr_line' id='line_1_22' title="bbox 149 1727 1687 1780; baseline -0.001 -9"><span class='ocrx_word' id='word_1_166' title='bbox 149 1741 296 1772; x_wconf 90' lang='lat' dir='ltr'>norum</span> <span class='ocrx_word' id='word_1_167' title='bbox 327 1731 404 1770; x_wconf 83' lang='lat'>160</span> <span class='ocrx_word' id='word_1_168' title='bbox 432 1732 476 1769; x_wconf 83' lang='lat' dir='ltr'>et</span> <span class='ocrx_word' id='word_1_169' title='bbox 508 1731 582 1769; x_wconf 86' lang='lat'>159</span> <span class='ocrx_word' id='word_1_170' title='bbox 614 1727 789 1769; x_wconf 88' lang='lat' dir='ltr'>historia</span> <span class='ocrx_word' id='word_1_171' title='bbox 818 1731 983 1780; x_wconf 87' lang='lat' dir='ltr'>sumpta</span> <span class='ocrx_word' id='word_1_172' title='bbox 1014 1730 1128 1780; x_wconf 90' lang='lat' dir='ltr'>sunt,</span> <span class='ocrx_word' id='word_1_173' title='bbox 1167 1727 1316 1780; x_wconf 85' lang='lat' dir='ltr'>quibus</span> <span class='ocrx_word' id='word_1_174' title='bbox 1346 1739 1450 1780; x_wconf 88' lang='lat' dir='ltr'>quae</span> <span class='ocrx_word' id='word_1_175' title='bbox 1479 1727 1687 1779; x_wconf 87' lang='lat' dir='ltr'>accedunt,</span> 
     </span>
     <span class='ocr_line' id='line_1_23' title="bbox 148 1798 575 1853; baseline -0.009 -11"><span class='ocrx_word' id='word_1_176' title='bbox 148 1803 294 1853; x_wconf 78' lang='lat' dir='ltr'>postea</span> <span class='ocrx_word' id='word_1_177' title='bbox 328 1798 575 1839; x_wconf 85' lang='lat' dir='ltr'>videbimus.</span> 
     </span>
    </p>

    <p class='ocr_par' dir='ltr' id='par_1_10' title="bbox 257 1866 1683 1920">
     <span class='ocr_line' id='line_1_24' title="bbox 257 1866 1683 1920; baseline -0.003 -9"><span class='ocrx_word' id='word_1_178' title='bbox 257 1868 375 1920; x_wconf 86' lang='lat' dir='ltr'>Quod</span> <span class='ocrx_word' id='word_1_179' title='bbox 406 1868 512 1910; x_wconf 86' lang='lat' dir='ltr'>enim</span> <span class='ocrx_word' id='word_1_180' title='bbox 540 1867 596 1909; x_wconf 89' lang='lat' dir='ltr'>ad</span> <span class='ocrx_word' id='word_1_181' title='bbox 625 1867 840 1919; x_wconf 86' lang='lat' dir='ltr'>sequentia</span> <span class='ocrx_word' id='word_1_182' title='bbox 869 1867 1032 1918; x_wconf 85' lang='lat' dir='ltr'>attinet,</span> <span class='ocrx_word' id='word_1_183' title='bbox 1062 1866 1235 1919; x_wconf 89' lang='lat' dir='ltr'>primum</span> <span class='ocrx_word' id='word_1_184' title='bbox 1264 1878 1348 1908; x_wconf 85' lang='lat' dir='ltr'>exc.</span> <span class='ocrx_word' id='word_1_185' title='bbox 1378 1867 1426 1908; x_wconf 92' lang='lat' dir='ltr'>A.</span> <span class='ocrx_word' id='word_1_186' title='bbox 1458 1868 1534 1907; x_wconf 90' lang='grc'>126</span> <span class='ocrx_word' id='word_1_187' title='bbox 1563 1866 1616 1908; x_wconf 84' lang='lat' dir='ltr'>ad</span> <span class='ocrx_word' id='word_1_188' title='bbox 1645 1878 1683 1908; x_wconf 87' lang='lat' dir='ltr'>a.</span> 
     </span>
    </p>

    <p class='ocr_par' dir='ltr' id='par_1_11' title="bbox 151 1935 1688 1993">
     <span class='ocr_line' id='line_1_25' title="bbox 151 1935 1688 1993; baseline -0.003 -10"><span class='ocrx_word' id='word_1_189' title='bbox 151 1945 226 1982; x_wconf 76' lang='lat'>157</span> <span class='ocrx_word' id='word_1_190' title='bbox 267 1942 431 1993; x_wconf 79' lang='lat' dir='ltr'>spectat</span> <span class='ocrx_word' id='word_1_191' title='bbox 461 1936 582 1992; x_wconf 87' lang='grc' dir='ltr'><em>(τότε</em></span> <span class='ocrx_word' id='word_1_192' title='bbox 620 1938 670 1978; x_wconf 78' lang='grc' dir='ltr'>δὲ</span> <span class='ocrx_word' id='word_1_193' title='bbox 702 1935 1033 1991; x_wconf 81' lang='grc' dir='ltr'><em>παρειληφότων</em></span> <span class='ocrx_word' id='word_1_194' title='bbox 1068 1937 1145 1984; x_wconf 76' lang='grc' dir='ltr'>τάς</span> <span class='ocrx_word' id='word_1_195' title='bbox 1182 1936 1318 1990; x_wconf 77' lang='grc' dir='ltr'><em>α’ρχάς</em></span> <span class='ocrx_word' id='word_1_196' title='bbox 1351 1939 1438 1978; x_wconf 78' lang='grc' dir='ltr'>τῶν</span> <span class='ocrx_word' id='word_1_197' title='bbox 1473 1937 1574 1991; x_wconf 85' lang='grc' dir='ltr'><em>περὶ</em></span> <span class='ocrx_word' id='word_1_198' title='bbox 1611 1937 1688 1979; x_wconf 81' lang='grc' dir='ltr'>τὸν</span> 
     </span>
    </p>

    <p class='ocr_par' dir='ltr' id='par_1_12' title="bbox 144 2007 1687 2843">
     <span class='ocr_line' id='line_1_26' title="bbox 146 2007 1687 2062; baseline -0.001 -9"><span class='ocrx_word' id='word_1_199' title='bbox 146 2014 308 2062; x_wconf 73' lang='grc' dir='ltr'>Σέξτον</span> <span class='ocrx_word' id='word_1_200' title='bbox 336 2010 538 2061; x_wconf 81' lang='grc' dir='ltr'>Ἰούλιον),</span> <span class='ocrx_word' id='word_1_201' title='bbox 566 2020 649 2060; x_wconf 90' lang='lat' dir='ltr'>qua</span> <span class='ocrx_word' id='word_1_202' title='bbox 677 2008 718 2049; x_wconf 90' lang='lat' dir='ltr'>in</span> <span class='ocrx_word' id='word_1_203' title='bbox 744 2021 791 2049; x_wconf 82' lang='lat' dir='ltr'>re</span> <span class='ocrx_word' id='word_1_204' title='bbox 819 2007 1037 2050; x_wconf 90' lang='lat' dir='ltr'>tenendum</span> <span class='ocrx_word' id='word_1_205' title='bbox 1065 2011 1141 2060; x_wconf 84' lang='lat' dir='ltr'>est,</span> <span class='ocrx_word' id='word_1_206' title='bbox 1171 2008 1295 2049; x_wconf 83' lang='lat' dir='ltr'>verba</span> <span class='ocrx_word' id='word_1_207' title='bbox 1322 2008 1375 2050; x_wconf 87' lang='lat' dir='ltr'>ab</span> <span class='ocrx_word' id='word_1_208' title='bbox 1403 2008 1521 2050; x_wconf 91' lang='lat' dir='ltr'>initio</span> <span class='ocrx_word' id='word_1_209' title='bbox 1550 2009 1687 2061; x_wconf 86' lang='lat' dir='ltr'>posita</span> 
     </span>
     <span class='ocr_line' id='line_1_27' title="bbox 144 2076 1687 2134; baseline -0.002 -11"><span class='ocrx_word' id='word_1_210' title='bbox 144 2080 213 2124; x_wconf 78' lang='grc' dir='ltr'>ὅτι</span> <span class='ocrx_word' id='word_1_211' title='bbox 261 2081 284 2121; x_wconf 83' lang='grc' dir='ltr'>ὁ</span> <span class='ocrx_word' id='word_1_212' title='bbox 331 2079 532 2134; x_wconf 76' lang='grc' dir='ltr'><em>βασιλεύς</em></span> <span class='ocrx_word' id='word_1_213' title='bbox 579 2077 829 2132; x_wconf 68' lang='grc' dir='ltr'><em>Ἀριαράθης</em></span> <span class='ocrx_word' id='word_1_214' title='bbox 881 2082 1141 2130; x_wconf 81' lang='grc' dir='ltr'><em>παρεγένετο</em></span> <span class='ocrx_word' id='word_1_215' title='bbox 1186 2076 1245 2125; x_wconf 83' lang='grc' dir='ltr'>εἰς</span> <span class='ocrx_word' id='word_1_216' title='bbox 1287 2078 1368 2132; x_wconf 77' lang='grc' dir='ltr'>τήν</span> <span class='ocrx_word' id='word_1_217' title='bbox 1419 2077 1575 2132; x_wconf 80' lang='grc' dir='ltr'><em>Ρώμην</em></span> <span class='ocrx_word' id='word_1_218' title='bbox 1623 2079 1687 2121; x_wconf 81' lang='grc' dir='ltr'>ἔτι</span> 
     </span>
     <span class='ocr_line' id='line_1_28' title="bbox 147 2147 1685 2205; baseline -0.002 -11"><span class='ocrx_word' id='word_1_219' title='bbox 147 2155 323 2205; x_wconf 70' lang='grc' dir='ltr'><em>θερείας</em></span> <span class='ocrx_word' id='word_1_220' title='bbox 365 2148 495 2204; x_wconf 77' lang='grc' dir='ltr'><strong><em>οὔσης</em></strong></span> <span class='ocrx_word' id='word_1_221' title='bbox 533 2149 585 2191; x_wconf 86' lang='lat' dir='ltr'>ad</span> <span class='ocrx_word' id='word_1_222' title='bbox 613 2161 769 2190; x_wconf 87' lang='lat' dir='ltr'>annum</span> <span class='ocrx_word' id='word_1_223' title='bbox 803 2151 878 2190; x_wconf 79' lang='lat'>158</span> <span class='ocrx_word' id='word_1_224' title='bbox 919 2147 1066 2189; x_wconf 87' lang='lat' dir='ltr'>referri</span> <span class='ocrx_word' id='word_1_225' title='bbox 1093 2147 1261 2201; x_wconf 90' lang='lat' dir='ltr'>debere,</span> <span class='ocrx_word' id='word_1_226' title='bbox 1303 2148 1344 2189; x_wconf 89' lang='lat' dir='ltr'>id</span> <span class='ocrx_word' id='word_1_227' title='bbox 1384 2149 1494 2202; x_wconf 91' lang='lat' dir='ltr'>quod</span> <span class='ocrx_word' id='word_1_228' title='bbox 1536 2153 1579 2191; x_wconf 93' lang='lat' dir='ltr'>et</span> <span class='ocrx_word' id='word_1_229' title='bbox 1619 2162 1685 2192; x_wconf 79' lang='lat' dir='ltr'>res</span> 
     </span>
     <span class='ocr_line' id='line_1_29' title="bbox 147 2218 1685 2278; baseline -0.003 -12"><span class='ocrx_word' id='word_1_230' title='bbox 147 2225 239 2277; x_wconf 89' lang='lat' dir='ltr'>ipsa</span> <span class='ocrx_word' id='word_1_231' title='bbox 269 2247 323 2253; x_wconf 91' lang='lat'>—</span> <span class='ocrx_word' id='word_1_232' title='bbox 350 2233 446 2278; x_wconf 80' lang='lat' dir='ltr'>nam</span> <span class='ocrx_word' id='word_1_233' title='bbox 489 2223 663 2262; x_wconf 84' lang='lat' dir='ltr'>exeunte</span> <span class='ocrx_word' id='word_1_234' title='bbox 701 2222 861 2260; x_wconf 84' lang='lat' dir='ltr'>aestate</span> <span class='ocrx_word' id='word_1_235' title='bbox 890 2218 1159 2270; x_wconf 79' lang='lat' dir='ltr'>magistratus</span> <span class='ocrx_word' id='word_1_236' title='bbox 1199 2230 1279 2260; x_wconf 91' lang='lat' dir='ltr'>non</span> <span class='ocrx_word' id='word_1_237' title='bbox 1307 2219 1521 2270; x_wconf 82' lang='lat' dir='ltr'>ineuntur,</span> <span class='ocrx_word' id='word_1_238' title='bbox 1561 2221 1685 2262; x_wconf 92' lang='lat' dir='ltr'>immo</span> 
     </span>
     <span class='ocr_line' id='line_1_30' title="bbox 148 2288 1685 2343; baseline -0.003 -7"><span class='ocrx_word' id='word_1_239' title='bbox 148 2294 299 2336; x_wconf 87' lang='lat' dir='ltr'>mensis</span> <span class='ocrx_word' id='word_1_240' title='bbox 310 2292 489 2334; x_wconf 89' lang='lat' dir='ltr'>Martius</span> <span class='ocrx_word' id='word_1_241' title='bbox 505 2291 601 2332; x_wconf 85' lang='lat' dir='ltr'>anni</span> <span class='ocrx_word' id='word_1_242' title='bbox 620 2289 865 2343; x_wconf 87' lang='lat' dir='ltr'>pontificalis</span> <span class='ocrx_word' id='word_1_243' title='bbox 881 2290 998 2331; x_wconf 90' lang='lat' dir='ltr'>initio</span> <span class='ocrx_word' id='word_1_244' title='bbox 1014 2288 1110 2330; x_wconf 88' lang='lat' dir='ltr'>anni</span> <span class='ocrx_word' id='word_1_245' title='bbox 1123 2289 1387 2331; x_wconf 88' lang='lat' dir='ltr'>astronomici</span> <span class='ocrx_word' id='word_1_246' title='bbox 1396 2291 1620 2342; x_wconf 89' lang='lat' dir='ltr'>respondet</span> <span class='ocrx_word' id='word_1_247' title='bbox 1632 2314 1685 2320; x_wconf 93' lang='lat'>—</span> 
     </span>
     <span class='ocr_line' id='line_1_31' title="bbox 148 2360 1685 2415; baseline -0.003 -8"><span class='ocrx_word' id='word_1_248' title='bbox 148 2369 192 2407; x_wconf 91' lang='lat' dir='ltr'>et</span> <span class='ocrx_word' id='word_1_249' title='bbox 221 2376 341 2406; x_wconf 81' lang='lat' dir='ltr'>voces</span> <span class='ocrx_word' id='word_1_250' title='bbox 369 2361 469 2404; x_wconf 84' lang='grc' dir='ltr'>τότε</span> <span class='ocrx_word' id='word_1_251' title='bbox 488 2362 541 2403; x_wconf 78' lang='grc' dir='ltr'>δέ</span> <span class='ocrx_word' id='word_1_252' title='bbox 562 2361 787 2415; x_wconf 89' lang='lat' dir='ltr'>postulant.</span> <span class='ocrx_word' id='word_1_253' title='bbox 847 2360 1056 2402; x_wconf 89' lang='lat' dir='ltr'>Docemur</span> <span class='ocrx_word' id='word_1_254' title='bbox 1085 2363 1221 2402; x_wconf 88' lang='lat' dir='ltr'>autem</span> <span class='ocrx_word' id='word_1_255' title='bbox 1256 2360 1397 2412; x_wconf 87' lang='lat' dir='ltr'>primis</span> <span class='ocrx_word' id='word_1_256' title='bbox 1426 2360 1507 2402; x_wconf 90' lang='lat' dir='ltr'>illis</span> <span class='ocrx_word' id='word_1_257' title='bbox 1535 2360 1685 2415; x_wconf 88' lang='lat' dir='ltr'>verbis,</span> 
     </span>
     <span class='ocr_line' id='line_1_32' title="bbox 146 2429 1682 2484; baseline -0.003 -6"><span class='ocrx_word' id='word_1_258' title='bbox 146 2448 256 2478; x_wconf 87' lang='lat' dir='ltr'>anno</span> <span class='ocrx_word' id='word_1_259' title='bbox 290 2438 366 2476; x_wconf 77' lang='lat'>158</span> <span class='ocrx_word' id='word_1_260' title='bbox 406 2434 539 2475; x_wconf 87' lang='lat' dir='ltr'>medio</span> <span class='ocrx_word' id='word_1_261' title='bbox 568 2431 833 2474; x_wconf 85' lang='lat' dir='ltr'>Ariarathem</span> <span class='ocrx_word' id='word_1_262' title='bbox 872 2443 896 2473; x_wconf 90' lang='lat' dir='ltr'>a</span> <span class='ocrx_word' id='word_1_263' title='bbox 934 2430 1065 2472; x_wconf 89' lang='lat' dir='ltr'>fratre</span> <span class='ocrx_word' id='word_1_264' title='bbox 1095 2429 1335 2482; x_wconf 90' lang='lat' dir='ltr'>Oropherne</span> <span class='ocrx_word' id='word_1_265' title='bbox 1373 2430 1537 2483; x_wconf 88' lang='lat' dir='ltr'>pulsum</span> <span class='ocrx_word' id='word_1_266' title='bbox 1565 2431 1682 2484; x_wconf 89' lang='lat' dir='ltr'>(Zon.</span> 
     </span>
     <span class='ocr_line' id='line_1_33' title="bbox 145 2501 1683 2556; baseline -0.002 -8"><span class='ocrx_word' id='word_1_267' title='bbox 145 2506 216 2549; x_wconf 91' lang='lat' dir='ltr'>IX.</span> <span class='ocrx_word' id='word_1_268' title='bbox 248 2506 319 2556; x_wconf 76' lang='lat'>24)</span> <span class='ocrx_word' id='word_1_269' title='bbox 348 2505 519 2546; x_wconf 84' lang='lat' dir='ltr'>Romam</span> <span class='ocrx_word' id='word_1_270' title='bbox 552 2504 731 2556; x_wconf 84' lang='lat' dir='ltr'>petiisse.</span> <span class='ocrx_word' id='word_1_271' title='bbox 790 2502 995 2554; x_wconf 82' lang='lat' dir='ltr'>Excerpto</span> <span class='ocrx_word' id='word_1_272' title='bbox 1026 2502 1073 2542; x_wconf 88' lang='lat' dir='ltr'>A.</span> <span class='ocrx_word' id='word_1_273' title='bbox 1109 2503 1185 2541; x_wconf 88' lang='lat'>127</span> <span class='ocrx_word' id='word_1_274' title='bbox 1216 2501 1264 2549; x_wconf 86' lang='lat' dir='ltr'>(c.</span> <span class='ocrx_word' id='word_1_275' title='bbox 1297 2501 1379 2552; x_wconf 83' lang='lat'>24.)</span> <span class='ocrx_word' id='word_1_276' title='bbox 1408 2501 1474 2554; x_wconf 88' lang='lat' dir='ltr'>agi</span> <span class='ocrx_word' id='word_1_277' title='bbox 1495 2501 1546 2544; x_wconf 88' lang='lat' dir='ltr'>de</span> <span class='ocrx_word' id='word_1_278' title='bbox 1574 2514 1683 2545; x_wconf 87' lang='lat' dir='ltr'>anno</span> 
     </span>
     <span class='ocr_line' id='line_1_34' title="bbox 149 2570 1682 2627; baseline -0.003 -8"><span class='ocrx_word' id='word_1_279' title='bbox 149 2580 226 2619; x_wconf 86' lang='lat'>156</span> <span class='ocrx_word' id='word_1_280' title='bbox 244 2576 386 2627; x_wconf 88' lang='lat' dir='ltr'>Quinti</span> <span class='ocrx_word' id='word_1_281' title='bbox 406 2575 549 2617; x_wconf 83' lang='lat' dir='ltr'>Marcii</span> <span class='ocrx_word' id='word_1_282' title='bbox 573 2574 754 2616; x_wconf 82' lang='lat' dir='ltr'>consulis</span> <span class='ocrx_word' id='word_1_283' title='bbox 774 2585 921 2616; x_wconf 85' lang='lat' dir='ltr'>nomen</span> <span class='ocrx_word' id='word_1_284' title='bbox 942 2574 983 2614; x_wconf 91' lang='lat' dir='ltr'>in</span> <span class='ocrx_word' id='word_1_285' title='bbox 1003 2570 1082 2613; x_wconf 84' lang='lat' dir='ltr'>fine</span> <span class='ocrx_word' id='word_1_286' title='bbox 1101 2575 1460 2614; x_wconf 86' lang='lat' dir='ltr'>commemoratum</span> <span class='ocrx_word' id='word_1_287' title='bbox 1489 2576 1682 2615; x_wconf 85' lang='lat' dir='ltr'>testatur.</span> 
     </span>
     <span class='ocr_line' id='line_1_35' title="bbox 145 2641 1683 2700; baseline -0.003 -11"><span class='ocrx_word' id='word_1_288' title='bbox 145 2648 230 2690; x_wconf 88' lang='lat' dir='ltr'>Iam</span> <span class='ocrx_word' id='word_1_289' title='bbox 259 2647 493 2700; x_wconf 81' lang='lat' dir='ltr'>quaeritur,</span> <span class='ocrx_word' id='word_1_290' title='bbox 532 2645 595 2687; x_wconf 87' lang='lat' dir='ltr'>cui</span> <span class='ocrx_word' id='word_1_291' title='bbox 626 2657 734 2687; x_wconf 89' lang='lat' dir='ltr'>anno</span> <span class='ocrx_word' id='word_1_292' title='bbox 764 2643 947 2686; x_wconf 82' lang='lat' dir='ltr'>dandum</span> <span class='ocrx_word' id='word_1_293' title='bbox 978 2643 1033 2684; x_wconf 90' lang='lat' dir='ltr'>sit</span> <span class='ocrx_word' id='word_1_294' title='bbox 1061 2654 1145 2683; x_wconf 89' lang='lat' dir='ltr'>exc.</span> <span class='ocrx_word' id='word_1_295' title='bbox 1177 2641 1225 2683; x_wconf 91' lang='lat' dir='ltr'>B.</span> <span class='ocrx_word' id='word_1_296' title='bbox 1258 2645 1331 2683; x_wconf 87' lang='lat'>125</span> <span class='ocrx_word' id='word_1_297' title='bbox 1362 2642 1416 2698; x_wconf 83' lang='lat' dir='ltr'>(c.</span> <span class='ocrx_word' id='word_1_298' title='bbox 1450 2644 1535 2697; x_wconf 86' lang='grc'><strong>19),</strong></span> <span class='ocrx_word' id='word_1_299' title='bbox 1573 2643 1683 2685; x_wconf 88' lang='lat' dir='ltr'>unde</span> 
     </span>
     <span class='ocr_line' id='line_1_36' title="bbox 145 2712 1681 2772; baseline -0.003 -12"><span class='ocrx_word' id='word_1_300' title='bbox 145 2721 342 2772; x_wconf 86' lang='lat' dir='ltr'>apparet,</span> <span class='ocrx_word' id='word_1_301' title='bbox 384 2717 532 2771; x_wconf 85' lang='lat' dir='ltr'>quibus</span> <span class='ocrx_word' id='word_1_302' title='bbox 572 2716 622 2758; x_wconf 85' lang='lat' dir='ltr'>de</span> <span class='ocrx_word' id='word_1_303' title='bbox 660 2715 794 2758; x_wconf 88' lang='lat' dir='ltr'>causis</span> <span class='ocrx_word' id='word_1_304' title='bbox 831 2718 998 2757; x_wconf 86' lang='lat' dir='ltr'>sena-tus</span> <span class='ocrx_word' id='word_1_305' title='bbox 1037 2712 1241 2756; x_wconf 86' lang='lat' dir='ltr'>Dalmatis</span> <span class='ocrx_word' id='word_1_306' title='bbox 1277 2712 1428 2756; x_wconf 90' lang='lat' dir='ltr'>bellum</span> <span class='ocrx_word' id='word_1_307' title='bbox 1471 2714 1681 2767; x_wconf 85' lang='lat' dir='ltr'>indixerit,</span> 
     </span>
     <span class='ocr_line' id='line_1_37' title="bbox 145 2783 1680 2843; baseline -0.003 -11"><span class='ocrx_word' id='word_1_308' title='bbox 145 2789 253 2843; x_wconf 90' lang='lat' dir='ltr'>quod</span> <span class='ocrx_word' id='word_1_309' title='bbox 294 2788 435 2831; x_wconf 87' lang='lat' dir='ltr'>consul</span> <span class='ocrx_word' id='word_1_310' title='bbox 475 2788 542 2830; x_wconf 84' lang='lat' dir='ltr'>ille</span> <span class='ocrx_word' id='word_1_311' title='bbox 578 2786 759 2830; x_wconf 89' lang='lat' dir='ltr'>Marcius</span> <span class='ocrx_word' id='word_1_312' title='bbox 797 2785 853 2841; x_wconf 86' lang='lat' dir='ltr'>(c.</span> <span class='ocrx_word' id='word_1_313' title='bbox 891 2786 961 2839; x_wconf 87' lang='lat'>24)</span> <span class='ocrx_word' id='word_1_314' title='bbox 994 2784 1125 2838; x_wconf 85' lang='lat' dir='ltr'>gessit</span> <span class='ocrx_word' id='word_1_315' title='bbox 1163 2783 1230 2838; x_wconf 85' lang='lat' dir='ltr'><strong>(cf.</strong></span> <span class='ocrx_word' id='word_1_316' title='bbox 1269 2785 1359 2828; x_wconf 89' lang='lat' dir='ltr'>Liv.</span> <span class='ocrx_word' id='word_1_317' title='bbox 1396 2798 1459 2840; x_wconf 88' lang='lat' dir='ltr'>ep.</span> <span class='ocrx_word' id='word_1_318' title='bbox 1498 2785 1680 2840; x_wconf 82' lang='lat' dir='ltr'>XLVII).</span> 
     </span>
    </p>
   </div>
  </div>
 </body>
</html>
