1898 3104
935 172 985 212 16

192 302 313 356 Syria
332 302 397 345 vel
419 302 602 345 eiiceret-
658 301 929 345 Nihilominus
943 303 1194 357 Demetrius,
1222 304 1424 347 nescimus
1443 315 1524 357 quo
1542 306 1728 358 tempore

187 375 230 413 et
260 371 403 418 modo.
444 371 580 414 denuo
611 383 748 413 rerum
777 373 939 425 potitus
973 377 1057 414 est:
1102 384 1196 414 nam
1234 373 1392 426 legatos
1420 373 1588 414 Romam
1617 373 1727 415 misit

186 454 268 484 non
296 442 493 485 auxilium
531 443 759 495 petituros,
798 442 870 485 sed
907 443 975 496 qui
1004 455 1198 486 coronam
1237 456 1404 487 auream
1433 444 1647 487 traderent
1684 448 1727 487 et

185 512 464 553 Romanorum
495 513 716 555 amicitiam
737 513 1005 555 conciliarent
1023 513 1125 567 (Pol.
1145 514 1194 555 A.
1227 514 1335 568 120).
1378 515 1559 568 Legatos
1587 517 1725 556 autem

186 582 290 624 istos
319 595 357 624 a.
393 587 468 624 160
494 584 665 625 Romam
693 584 863 636 petiisse
901 596 966 626 me
995 585 1159 637 quidem
1190 585 1324 626 iudice
1353 598 1433 627 non
1463 586 1550 627 sine
1574 596 1726 637 magna

186 652 361 696 audacia
403 653 596 696 sumitur:
646 666 739 695 nam
778 653 852 696 hoc
888 655 924 697 si
961 658 1235 707 statueretur,
1288 655 1411 697 unius
1453 655 1551 697 anni
1589 655 1724 709 spatio

190 723 426 765 Demetrius
453 724 585 765 Roma
623 724 877 778 aufugisset,
921 726 1029 767 bello
1064 730 1211 778 parato
1250 738 1380 778 regno
1416 727 1575 779 potitus
1604 730 1726 778 esset,

189 792 431 836 Timarchus
447 794 611 836 Italiam
636 795 834 848 pet-iisset,
863 795 1015 838 bellum
1030 798 1232 849 parasset,
1258 795 1512 838 Demetrium
1526 796 1725 849 fugasset,

187 874 317 916 regno
344 864 550 917 eiecisset,
586 865 822 907 Demetrius
850 878 1023 918 regnum
1050 866 1184 908 denuo
1212 869 1511 918 recuperasset.
1570 866 1726 908 Contra

185 934 282 977 inde
311 946 473 989 quoque
502 940 790 988 argumentum
821 936 979 990 evadit,
1007 949 1085 990 quo
1115 936 1323 979 sententia
1350 935 1535 989 fulcitur,
1564 948 1614 979 ex
1641 948 1724 990 qua

183 1016 239 1046 cc.
286 1007 321 1046 3.
362 1010 388 1046 4
430 1017 538 1047 anno
581 1009 658 1047 160
696 1019 751 1048 cc.
794 1010 830 1048 5.
873 1011 896 1047 6
937 1019 974 1048 a.
1008 1010 1082 1048 159
1118 1007 1370 1049 tribuuntur.
1446 1006 1724 1059 Suspicionem

181 1074 366 1127 profecto
384 1080 530 1128 movet,
561 1076 667 1129 quod
684 1077 930 1118 Ariarathes
954 1081 1142 1118 senatum
1172 1077 1386 1118 certiorem
1406 1076 1506 1117 facit
1522 1076 1723 1129 quomodo

186 1144 396 1188 Tiberium
436 1146 687 1200 suscepisset
729 1149 771 1189 et
808 1147 1044 1189 Demetrius
1085 1147 1319 1201 priusquam
1357 1147 1525 1188 Romam
1565 1146 1723 1200 legatos

181 1217 347 1269 mittat,
390 1217 564 1259 eundem
601 1218 808 1259 Tiberium
846 1218 946 1259 adit.
1011 1218 1115 1259 Nam
1153 1230 1244 1259 cum
1281 1230 1388 1259 anno
1431 1221 1506 1258 162
1536 1217 1722 1259 Tiberius

183 1286 316 1329 Roma
337 1299 528 1341 egressus
558 1289 625 1337 sit,
653 1288 932 1341 unusquisque
961 1292 1135 1340 statuet,
1161 1289 1250 1341 ipso
1278 1300 1385 1331 anno
1411 1291 1486 1330 162
1512 1294 1585 1330 aut
1612 1291 1722 1330 certe

181 1369 263 1399 non
292 1364 389 1410 post
415 1370 452 1400 a.
481 1362 551 1399 161
584 1371 677 1400 eum
717 1359 758 1399 in
785 1359 884 1400 Asia
909 1359 1051 1399 minori
1078 1364 1291 1400 versatum
1319 1370 1421 1400 esse.
1477 1359 1578 1400 Inde
1608 1363 1719 1400 certe

181 1427 403 1470 difficultas
433 1429 577 1481 oritur,
608 1429 680 1471 sed
710 1441 792 1471 non
822 1441 883 1482 ea,
913 1441 1019 1482 quae
1049 1429 1139 1471 tolli
1168 1432 1373 1482 nequeat..
1416 1429 1519 1471 Nam
1542 1431 1720 1481 primum

184 1498 374 1540 Tiberius
402 1511 483 1541 non
512 1503 627 1541 recta
657 1501 723 1541 via
749 1500 790 1540 in
812 1500 972 1552 Syriam
1000 1500 1148 1541 missus
1174 1503 1251 1552 est,
1276 1503 1325 1541 ut
1352 1512 1419 1541 res
1448 1503 1722 1553 componeret,

184 1569 256 1611 sed
293 1570 335 1611 id
373 1571 581 1622 negotium
611 1570 776 1623 habuit,
820 1575 868 1612 ut
894 1572 1068 1624 primum
1096 1583 1163 1612 res
1194 1571 1373 1613 Graecas
1409 1574 1723 1624 recognosceret

186 1640 338 1682 deinde
355 1641 394 1682 in
410 1641 550 1682 Asiam
571 1644 835 1683 transvectus
848 1641 1099 1683 Demetrium
1110 1645 1152 1683 et
1165 1645 1321 1683 ceteros
1335 1653 1454 1694 reges
1469 1641 1722 1694 observaret,

184 1710 432 1753 Galatarum
471 1724 539 1753 res
583 1715 865 1765 componeret,
919 1712 1095 1764 denique
1135 1723 1213 1753 non
1254 1711 1396 1753 statim
1431 1712 1718 1767 intercederet,

181 1782 254 1824 sed
285 1782 383 1836 quid
414 1783 599 1823 eveniret
618 1786 878 1835 exspectaret
906 1786 948 1823 et
977 1782 1228 1823 observaret.
1267 1782 1353 1823 Iam
1383 1782 1416 1822 si
1445 1794 1511 1824 res
1529 1782 1720 1835 Syriacas

179 1853 278 1894 anni
300 1855 375 1893 162
403 1855 446 1894 et
476 1855 547 1894 161
569 1852 758 1895 funditus
786 1865 952 1895 eversas
981 1852 1234 1905 respicimus,
1261 1864 1396 1894 nonne
1415 1853 1718 1896 concedendum

180 1922 273 1975 erit,
290 1922 498 1965 Tiberium
520 1935 596 1976 per
617 1922 716 1965 illud
740 1926 903 1976 tempus
928 1923 969 1964 in
985 1923 1157 1966 Graecia
1177 1922 1242 1964 vel
1257 1922 1389 1964 Rhodi
1406 1923 1461 1976 (P
1480 1923 1651 1966 XXXII.
1670 1929 1716 1973 4)

179 1994 337 2036 versari
352 1994 539 2047 potuisse
568 1993 631 2036 vel
649 1993 850 2047 debuisse,
879 1994 997 2046 unde,
1016 1992 1056 2035 id
1076 1992 1186 2046 quod
1211 2004 1329 2035 suum
1350 1997 1452 2045 erat,
1479 1993 1718 2037 observaret

179 2076 255 2105 nec
282 2065 560 2106 intercederet
586 2065 663 2105 nisi
690 2065 731 2105 in
762 2070 947 2116 tempore
975 2067 1018 2105 et
1054 2064 1248 2104 continuo
1278 2064 1414 2104 omnia
1444 2064 1716 2106 ad-senatum

178 2134 386 2176 deferret?
447 2146 583 2176 nonne
619 2139 785 2187 praeter
844 2138 1086 2187 perpetuum
1141 2133 1288 2175 bellum
1336 2134 1497 2175 Octav-ii
1552 2141 1716 2177 recente

178 2205 317 2258 caede,
345 2210 392 2247 ut
410 2210 530 2248 caute
551 2212 704 2258 ageret,
735 2206 1064 2247 commovebatur
1077 2205 1097 2246 ‘?
1124 2203 1282 2255 Quibus
1301 2204 1353 2246 de
1372 2205 1504 2248 causis
1525 2205 1714 2258 equidem

178 2276 239 2318 illi
282 2275 516 2318 difficultati
558 2289 640 2318 non
692 2277 859 2318 nimium
892 2277 1131 2328 tribuerim,
1180 2288 1270 2317 cum
1313 2278 1561 2328 praesertim
1611 2277 1714 2319 nihil

177 2348 265 2389 fere
293 2348 335 2388 in
362 2347 593 2389 huiusmodi
618 2348 923 2400 quaestionibus
952 2347 1194 2389 difficultate
1224 2346 1363 2399 aliqua
1387 2351 1429 2387 et
1457 2346 1714 2391 dubitatione

178 2422 329 2460 careat.
360 2441 409 2447 -—
439 2418 687 2470 Fragmento
725 2418 772 2459 A.
807 2421 881 2458 122
921 2418 974 2460 ad
1004 2429 1043 2459 a.
1071 2420 1146 2459 159
1176 2416 1309 2458 relato
1338 2429 1373 2458 e.
1402 2418 1451 2458 A.
1485 2421 1561 2459 120
1590 2418 1714 2473 ((3.4)

176 2488 229 2531 ad
264 2499 414 2531 annum
451 2488 757 2531 antecedentem
787 2488 934 2531 referri
961 2488 1124 2541 deberi,
1161 2500 1242 2530 non
1272 2490 1338 2529 est
1368 2487 1484 2542 ‘quod
1513 2501 1712 2534 moneam.

175 2560 290 2603 Idem
319 2563 429 2601 certe
457 2560 498 2601 in
528 2572 611 2601 exc.
641 2561 688 2601 A.
720 2563 794 2602 119
825 2562 878 2611 (c.
911 2559 956 2614 3]
986 2559 1107 2602 cadit.
1163 2558 1259 2601 Exc.
1277 2560 1415 2600 A.118
1440 2562 1580 2603 utrum
1604 2573 1712 2604 anno

178 2634 250 2673 161
286 2643 339 2672 an
372 2633 449 2672 160
477 2630 739 2672 tribuendum
768 2632 844 2683 sit,
874 2630 1090 2673 diiudicari
1120 2630 1274 2683 nequit.

285 2701 348 2743 Ad
377 2712 529 2743 annum
562 2704 637 2742 160
667 2700 742 2749 (ol.
772 2704 859 2743 154.
889 2701 939 2755 4)
974 2701 1138 2754 longius
1176 2712 1258 2742 exc.
1289 2700 1332 2742 P.
1365 2703 1416 2742 85
1446 2703 1525 2754 (cc.
1554 2700 1711 2754 8—16)

174 2773 376 2828 pertinet,
415 2784 495 2825 quo
533 2774 701 2825 praeter
741 2772 823 2814 alia
861 2772 912 2815 de
948 2776 1083 2815 morte
1119 2771 1279 2814 Aemilii
1307 2772 1425 2815 Pauli
1463 2784 1597 2815 sermo
1632 2776 1707 2816 est.
