1898 3104
318 871 481 955 Polybii
517 900 940 945 11.ΧΧΧ-ΧΧΧΙΙΙ
973 901 1189 955 reliquiae,
1225 913 1331 955 quae
1371 900 1426 943 ad
1458 913 1523 943 res
1561 900 1655 943 inde
1673 940 1675 942 ,
1692 913 1719 942 a

186 972 295 1015 victo
314 972 464 1014 Perseo
494 983 626 1023 usque
654 971 707 1013 ad
729 976 887 1013 motum
907 971 1131 1025 Hispaniae
1152 971 1195 1013 in
1215 971 1314 1012 orbe
1345 975 1551 1013 terrarum
1579 974 1720 1023 gestas

186 1046 396 1095 spectant,
434 1041 476 1082 in
500 1040 766 1083 ‘editionibus
807 1041 942 1084 adhuc
976 1041 1120 1084 ordine
1156 1053 1301 1094 parum
1336 1041 1448 1084 iusto
1477 1040 1719 1094 procedunt.

187 1113 279 1164 Quo
307 1113 460 1155 reiecto
486 1111 610 1154 aliam
638 1115 925 1165 excerptorum
955 1112 1104 1154 seriem
1124 1115 1167 1153 et
1190 1112 1387 1154 librorum
1409 1111 1721 1165 dispositionem

185 1182 412 1237 probaturo
434 1182 530 1225 mihi
549 1193 682 1236 pauca
700 1182 1003 1236 praemittenda
1030 1186 1140 1235 sunt,
1170 1195 1274 1237 quae
1304 1182 1505 1236 quomodo
1525 1182 1721 1236 Polybius

184 1253 401 1296 historiam
439 1253 687 1307 disposuerit
731 1257 775 1296 et
810 1254 970 1307 qualem
1010 1258 1239 1308 temporum
1285 1254 1486 1296 rationem
1525 1253 1721 1296 habuerit

185 1324 369 1367 breviter
398 1325 582 1366 doceant.

266 1397 310 1449 -1)
348 1395 542 1449 Polybius
575 1393 873 1448 olympiadibus
903 1398 1033 1437 totam
1071 1394 1284 1437 historiam
1314 1396 1374 1437 ita
1411 1395 1631 1449 disposuit,
1673 1399 1723 1437 ut

347 1478 431 1508 una
470 1466 668 1519 olympias
708 1465 769 1507 vel
814 1477 943 1507 unum
980 1464 1047 1507 vel
1085 1465 1191 1508 duos
1235 1466 1301 1507 vel
1337 1469 1424 1508 tres
1470 1466 1599 1508 libros
1635 1477 1722 1507 am-

348 1536 610 1590 plecteretur.
677 1536 810 1587 Quam
847 1535 1125 1589 olympiadum
1163 1536 1368 1578 rationem
1407 1539 1456 1579 ut
1491 1548 1583 1580 cum
1610 1548 1720 1579 anno

350 1607 625 1649 astronomico
654 1610 696 1648 et
723 1605 947 1659 pontificali
982 1606 1242 1659 conciliaret,
1277 1619 1358 1649 non
1397 1619 1448 1649 ex
1488 1620 1585 1650 vero
1623 1607 1723 1650 anni

348 1677 535 1731 olympici
563 1677 698 1730 initio,
734 1677 805 1720 sed
834 1701 886 1708 —
912 1677 956 1720 id
984 1677 1094 1731 quod
1132 1681 1308 1720 naturae
1335 1677 1394 1720 rei
1420 1678 1597 1721 maxime
1624 1690 1720 1721 con-

350 1748 530 1790 venit—
554 1760 605 1790 ex
622 1747 763 1801 hieme,
792 1760 897 1802 quae
926 1748 1022 1791 illud
1047 1748 1245 1802 sequitur,
1272 1748 1431 1791 initium
1461 1748 1562 1791 facit
1588 1760 1721 1802 eaque

348 1831 457 1873 quae
493 1818 546 1861 ab
583 1819 716 1861 hieme
756 1831 882 1873 usque
919 1819 973 1862 ad
1011 1820 1183 1861 hiemem
1217 1819 1328 1861 facta
1356 1823 1454 1862 sunt
1481 1820 1722 1873 composuit,

348 1902 430 1942 qua
457 1889 498 1930 in
528 1901 574 1930 re
603 1900 694 1931 cum
716 1889 847 1931 solum
874 1901 1012 1931 rerum
1040 1901 1236 1932 conexum
1267 1890 1490 1943 respiceret
1517 1889 1639 1932 modo
1668 1890 1722 1933 ab

350 1960 518 2002 ineunte
549 1959 697 2012 (XXX.
731 1963 791 2001 17.
822 1961 889 2013 14)
930 1960 1053 2003 modo
1090 1959 1143 2002 ab
1174 1965 1350 2002 exeunte
1389 1959 1521 2003 hieme
1552 1961 1624 2015 (X.
1652 1962 1723 2015 34)

350 2034 466 2073 ortus
495 2033 559 2072 est
577 2030 625 2083 ¹).

270 2102 313 2154 2)
351 2102 399 2144 In
429 2100 699 2143 describenda
729 2100 852 2142 unius
880 2100 1077 2153 cuiusque
1107 2101 1204 2142 anni
1234 2101 1406 2143 historia
1435 2104 1548 2143 certo
1579 2102 1723 2143 ordine

350 2170 533 2223 singulas
561 2170 673 2212 orbis
700 2174 906 2212 terrarum
933 2175 1075 2224 partes
1102 2171 1339 2224 perlustrat.
1397 2171 1582 2214 Exorsus
1611 2172 1721 2214 enim

350 2254 372 2283 e
400 2242 555 2284 Romae
593 2245 636 2283 et
664 2241 807 2283 Italiae
845 2241 1074 2294 (Liguriae)
1114 2241 1287 2283 historia
1324 2241 1376 2283 ad
1415 2241 1642 2295 Hispaniae
1680 2246 1724 2285 et

350 2311 512 2355 Africae
540 2324 607 2354 res
636 2311 867 2354 narrandas
896 2324 941 2354 se
976 2313 1119 2366 vertit,
1157 2316 1246 2355 tum
1283 2312 1335 2355 de
1364 2312 1538 2356 Graecia
1568 2312 1724 2367 (Mace-

351 2383 487 2435 donia,
527 2382 708 2436 Illyrico)
748 2382 864 2435 dicit,
916 2382 1075 2435 deinde,
1113 2395 1221 2436 quae
1259 2383 1300 2424 in
1343 2384 1443 2425 Asia
1483 2382 1723 2438 (Pergamo,

350 2453 520 2507 Rhodo,
557 2452 771 2507 Bithynia,
803 2452 990 2506 Galatia,
1026 2453 1305 2507 Cappadocia,
1346 2455 1556 2508 Armenia,
1587 2455 1723 2509 Syria)

350 2528 571 2577 postremo,
600 2536 705 2577 quae
734 2524 773 2565 in
807 2525 994 2577 Aegypto
1024 2524 1286 2577 acciderunt,
1316 2524 1538 2578 profert2).

281 2689 317 2730 1)
340 2685 511 2721 Nissen:
548 2685 723 2721 kritische
755 2686 1068 2730 untersuchungen
1099 2685 1189 2721 iiber
1223 2686 1282 2721 die
1314 2686 1457 2730 quellen
1490 2686 1554 2722 der
1583 2686 1616 2721 4.
1650 2685 1723 2720 und

187 2742 219 2778 5.
245 2742 385 2779 dekade
409 2742 472 2777 des
493 2741 628 2778 Livius.
652 2742 707 2778 68.
753 2742 853 2778 Idem
881 2743 917 2779 in
941 2742 1035 2779 Mus.
1059 2741 1173 2779 Rhen.
1198 2755 1230 2779 v.
1256 2742 1375 2779 XXVI
1399 2755 1460 2789 pp.
1485 2742 1675 2780 244—260.

279 2803 313 2846 2)
335 2801 507 2837 Nissen:
532 2800 704 2837 kritische
727 2802 1039 2847 untersuchungen
1060 2812 1096 2846 p.
1118 2803 1172 2838 66.

1465 2873 1482 2905 1
