<?xml version="1.0" encoding="UTF-8"?>
<!DOCTYPE html PUBLIC "-//W3C//DTD XHTML 1.0 Transitional//EN"
    "http://www.w3.org/TR/xhtml1/DTD/xhtml1-transitional.dtd">
<html xmlns="http://www.w3.org/1999/xhtml" xml:lang="en" lang="en">
 <head>
  <title>
</title>
<meta http-equiv="Content-Type" content="text/html;charset=utf-8" />
  <meta name='ocr-system' content='tesseract 3.04.00' />
  <meta name='ocr-capabilities' content='ocr_page ocr_carea ocr_par ocr_line ocrx_word'/>
</head>
<body>
  <div class='ocr_page' id='page_1' title='image "4626078_0030.png"; bbox 0 0 1898 3104; ppageno 0'>
   <div class='ocr_carea' id='block_1_1' title="bbox 935 189 987 224">
    <p class='ocr_par' dir='ltr' id='par_1_1' title="bbox 935 189 987 224">
     <span class='ocr_line' id='line_1_1' title="bbox 935 189 987 224; baseline 0.019 -1"><span class='ocrx_word' id='word_1_1' title='bbox 935 189 987 224; x_wconf 77' lang='lat'><strong>24</strong></span> 
     </span>
    </p>
   </div>
   <div class='ocr_carea' id='block_1_2' title="bbox 768 244 992 248">
    <p class='ocr_par' dir='ltr' id='par_1_2' title="bbox 768 244 992 248">
     <span class='ocr_line' id='line_1_2' title="bbox 768 244 992 248; baseline 0 0"><span class='ocrx_word' id='word_1_2' title='bbox 768 244 992 248; x_wconf 95' lang='lat' dir='ltr'><strong> </strong></span> 
     </span>
    </p>
   </div>
   <div class='ocr_carea' id='block_1_3' title="bbox 184 315 1734 513">
    <p class='ocr_par' dir='ltr' id='par_1_3' title="bbox 184 315 1734 513">
     <span class='ocr_line' id='line_1_3' title="bbox 184 315 1731 372; baseline 0.002 -14"><span class='ocrx_word' id='word_1_3' title='bbox 184 315 473 369; x_wconf 79' lang='lat' dir='ltr'>Nicephorium</span> <span class='ocrx_word' id='word_1_4' title='bbox 513 316 719 369; x_wconf 88' lang='lat' dir='ltr'><strong>direptum</strong></span> <span class='ocrx_word' id='word_1_5' title='bbox 755 321 798 358; x_wconf 90' lang='lat' dir='ltr'><strong>et</strong></span> <span class='ocrx_word' id='word_1_6' title='bbox 840 317 1000 369; x_wconf 88' lang='lat' dir='ltr'><strong>legatos</strong></span> <span class='ocrx_word' id='word_1_7' title='bbox 1041 318 1202 360; x_wconf 82' lang='lat' dir='ltr'><strong>insidiis</strong></span> <span class='ocrx_word' id='word_1_8' title='bbox 1241 320 1393 372; x_wconf 88' lang='lat' dir='ltr'><strong>petitos</strong></span> <span class='ocrx_word' id='word_1_9' title='bbox 1437 342 1485 348; x_wconf 86' lang='lat'><em>-</em></span> <span class='ocrx_word' id='word_1_10' title='bbox 1522 319 1566 360; x_wconf 91' lang='lat' dir='ltr'><strong>in</strong></span> <span class='ocrx_word' id='word_1_11' title='bbox 1606 330 1731 361; x_wconf 89' lang='lat' dir='ltr'><strong>unum</strong></span> 
     </span>
     <span class='ocr_line' id='line_1_4' title="bbox 186 386 1732 442; baseline 0.001 -12"><span class='ocrx_word' id='word_1_12' title='bbox 186 388 445 430; x_wconf 78' lang='lat' dir='ltr'><strong>contraxisse</strong></span> <span class='ocrx_word' id='word_1_13' title='bbox 474 386 590 429; x_wconf 89' lang='lat' dir='ltr'><strong>illum</strong></span> <span class='ocrx_word' id='word_1_14' title='bbox 621 387 916 439; x_wconf 84' lang='lat' dir='ltr'><strong>contendimus,</strong></span> <span class='ocrx_word' id='word_1_15' title='bbox 946 400 1035 430; x_wconf 88' lang='lat' dir='ltr'><strong>cum</strong></span> <span class='ocrx_word' id='word_1_16' title='bbox 1065 389 1349 442; x_wconf 82' lang='lat' dir='ltr'><strong>indiligentiae</strong></span> <span class='ocrx_word' id='word_1_17' title='bbox 1377 390 1517 432; x_wconf 90' lang='lat' dir='ltr'><strong>vitium</strong></span> <span class='ocrx_word' id='word_1_18' title='bbox 1538 391 1581 432; x_wconf 91' lang='lat' dir='ltr'><strong>in</strong></span> <span class='ocrx_word' id='word_1_19' title='bbox 1607 390 1732 433; x_wconf 90' lang='lat' dir='ltr'><strong>rebus</strong></span> 
     </span>
     <span class='ocr_line' id='line_1_5' title="bbox 187 458 1734 513; baseline 0.003 -15"><span class='ocrx_word' id='word_1_20' title='bbox 187 458 317 499; x_wconf 88' lang='lat' dir='ltr'><strong>multo</strong></span> <span class='ocrx_word' id='word_1_21' title='bbox 356 458 612 510; x_wconf 87' lang='lat' dir='ltr'><strong>gravioribus</strong></span> <span class='ocrx_word' id='word_1_22' title='bbox 641 458 994 511; x_wconf 55' lang='lat' dir='ltr'><strong>commiseritss).</strong></span> <span class='ocrx_word' id='word_1_23' title='bbox 1068 459 1282 502; x_wconf 90' lang='lat' dir='ltr'><strong>Postremo</strong></span> <span class='ocrx_word' id='word_1_24' title='bbox 1326 484 1378 490; x_wconf 89' lang='lat'><strong>—-</strong></span> <span class='ocrx_word' id='word_1_25' title='bbox 1428 461 1537 513; x_wconf 92' lang='lat' dir='ltr'><strong>quod</strong></span> <span class='ocrx_word' id='word_1_26' title='bbox 1568 460 1734 502; x_wconf 86' lang='lat' dir='ltr'><strong>minime</strong></span> 
     </span>
    </p>
   </div>
   <div class='ocr_carea' id='block_1_4' title="bbox 179 528 1772 2487">
    <p class='ocr_par' dir='ltr' id='par_1_4' title="bbox 185 528 1772 2121">
     <span class='ocr_line' id='line_1_6' title="bbox 186 528 1734 583; baseline 0.001 -14"><span class='ocrx_word' id='word_1_27' title='bbox 186 528 331 569; x_wconf 88' lang='lat' dir='ltr'><strong>ultimo</strong></span> <span class='ocrx_word' id='word_1_28' title='bbox 372 528 460 570; x_wconf 88' lang='lat' dir='ltr'><strong>loco</strong></span> <span class='ocrx_word' id='word_1_29' title='bbox 495 528 729 580; x_wconf 88' lang='lat' dir='ltr'><strong>ponendum</strong></span> <span class='ocrx_word' id='word_1_30' title='bbox 767 533 830 570; x_wconf 88' lang='lat' dir='ltr'><strong>est</strong></span> <span class='ocrx_word' id='word_1_31' title='bbox 853 553 903 558; x_wconf 80' lang='lat'><em>-</em></span> <span class='ocrx_word' id='word_1_32' title='bbox 934 530 1042 570; x_wconf 88' lang='lat' dir='ltr'><strong>unde</strong></span> <span class='ocrx_word' id='word_1_33' title='bbox 1066 529 1160 571; x_wconf 89' lang='lat' dir='ltr'><strong>talis</strong></span> <span class='ocrx_word' id='word_1_34' title='bbox 1189 531 1366 583; x_wconf 88' lang='lat' dir='ltr'><strong>Appiani</strong></span> <span class='ocrx_word' id='word_1_35' title='bbox 1389 543 1506 573; x_wconf 89' lang='lat' dir='ltr'><strong>error</strong></span> <span class='ocrx_word' id='word_1_36' title='bbox 1532 530 1734 582; x_wconf 85' lang='lat' dir='ltr'><strong>originem</strong></span> 
     </span>
     <span class='ocr_line' id='line_1_7' title="bbox 187 598 1733 652; baseline 0.001 -14"><span class='ocrx_word' id='word_1_37' title='bbox 187 598 372 648; x_wconf 79' lang='lat' dir='ltr'><strong>duxerit,</strong></span> <span class='ocrx_word' id='word_1_38' title='bbox 414 610 505 639; x_wconf 89' lang='lat' dir='ltr'><strong>mea</strong></span> <span class='ocrx_word' id='word_1_39' title='bbox 531 598 692 650; x_wconf 87' lang='lat' dir='ltr'><strong>quidem</strong></span> <span class='ocrx_word' id='word_1_40' title='bbox 731 600 938 640; x_wconf 84' lang='lat' dir='ltr'><strong>sententia</strong></span> <span class='ocrx_word' id='word_1_41' title='bbox 967 600 1161 652; x_wconf 87' lang='lat' dir='ltr'><strong>explicari</strong></span> <span class='ocrx_word' id='word_1_42' title='bbox 1192 605 1346 652; x_wconf 87' lang='lat' dir='ltr'><strong>potest.</strong></span> <span class='ocrx_word' id='word_1_43' title='bbox 1403 601 1462 642; x_wconf 87' lang='lat' dir='ltr'><strong>Re</strong></span> <span class='ocrx_word' id='word_1_44' title='bbox 1497 611 1595 642; x_wconf 87' lang='lat' dir='ltr'><strong>vera</strong></span> <span class='ocrx_word' id='word_1_45' title='bbox 1624 600 1733 641; x_wconf 88' lang='lat' dir='ltr'><strong>enim</strong></span> 
     </span>
     <span class='ocr_line' id='line_1_8' title="bbox 187 668 1734 723; baseline 0.001 -14"><span class='ocrx_word' id='word_1_46' title='bbox 187 668 297 709; x_wconf 89' lang='lat' dir='ltr'><strong>inter</strong></span> <span class='ocrx_word' id='word_1_47' title='bbox 336 668 440 709; x_wconf 89' lang='lat' dir='ltr'><strong>duas</strong></span> <span class='ocrx_word' id='word_1_48' title='bbox 476 668 649 709; x_wconf 82' lang='lat' dir='ltr'><strong>Prusiae</strong></span> <span class='ocrx_word' id='word_1_49' title='bbox 687 669 990 722; x_wconf 82' lang='lat' dir='ltr'><strong>expeditiones,</strong></span> <span class='ocrx_word' id='word_1_50' title='bbox 1038 670 1186 722; x_wconf 89' lang='lat' dir='ltr'><strong>quibus</strong></span> <span class='ocrx_word' id='word_1_51' title='bbox 1223 683 1301 712; x_wconf 91' lang='lat' dir='ltr'><strong>non</strong></span> <span class='ocrx_word' id='word_1_52' title='bbox 1341 670 1460 712; x_wconf 86' lang='lat' dir='ltr'><strong>modo</strong></span> <span class='ocrx_word' id='word_1_53' title='bbox 1489 670 1734 723; x_wconf 85' lang='lat' dir='ltr'><strong>Pergamum</strong></span> 
     </span>
     <span class='ocr_line' id='line_1_9' title="bbox 185 739 1733 792; baseline 0.001 -12"><span class='ocrx_word' id='word_1_54' title='bbox 185 739 370 789; x_wconf 78' lang='lat' dir='ltr'><strong>obsedit,</strong></span> <span class='ocrx_word' id='word_1_55' title='bbox 425 739 499 780; x_wconf 89' lang='lat' dir='ltr'><strong>sed</strong></span> <span class='ocrx_word' id='word_1_56' title='bbox 539 739 662 780; x_wconf 89' lang='lat' dir='ltr'><strong>etiam</strong></span> <span class='ocrx_word' id='word_1_57' title='bbox 706 740 817 780; x_wconf 85' lang='lat' dir='ltr'><strong>ultra</strong></span> <span class='ocrx_word' id='word_1_58' title='bbox 858 741 1082 782; x_wconf 90' lang='lat' dir='ltr'><strong>exercitum</strong></span> <span class='ocrx_word' id='word_1_59' title='bbox 1126 741 1266 792; x_wconf 88' lang='lat' dir='ltr'><strong>duxit,</strong></span> <span class='ocrx_word' id='word_1_60' title='bbox 1312 741 1621 783; x_wconf 88' lang='lat' dir='ltr'><strong>discernendum</strong></span> <span class='ocrx_word' id='word_1_61' title='bbox 1659 743 1733 782; x_wconf 89' lang='lat' dir='ltr'><strong>est.</strong></span> 
     </span>
     <span class='ocr_line' id='line_1_10' title="bbox 185 809 1734 862; baseline 0.001 -11"><span class='ocrx_word' id='word_1_62' title='bbox 185 809 233 851; x_wconf 92' lang='lat' dir='ltr'><strong>In</strong></span> <span class='ocrx_word' id='word_1_63' title='bbox 272 810 406 862; x_wconf 84' lang='lat' dir='ltr'><strong>prima</strong></span> <span class='ocrx_word' id='word_1_64' title='bbox 452 810 686 851; x_wconf 77' lang='lat' dir='ltr'><strong>incursione</strong></span> <span class='ocrx_word' id='word_1_65' title='bbox 738 814 884 852; x_wconf 87' lang='lat' dir='ltr'><strong>contra</strong></span> <span class='ocrx_word' id='word_1_66' title='bbox 922 811 1063 852; x_wconf 89' lang='lat' dir='ltr'><strong>Eleam</strong></span> <span class='ocrx_word' id='word_1_67' title='bbox 1111 811 1333 853; x_wconf 85' lang='lat' dir='ltr'><strong>exercitum</strong></span> <span class='ocrx_word' id='word_1_68' title='bbox 1385 811 1504 853; x_wconf 90' lang='lat' dir='ltr'><strong>duxit</strong></span> <span class='ocrx_word' id='word_1_69' title='bbox 1549 814 1592 853; x_wconf 88' lang='lat' dir='ltr'><strong>et</strong></span> <span class='ocrx_word' id='word_1_70' title='bbox 1636 810 1734 853; x_wconf 89' lang='lat' dir='ltr'><strong>inde</strong></span> 
     </span>
     <span class='ocr_line' id='line_1_11' title="bbox 188 879 1734 935; baseline 0.002 -15"><span class='ocrx_word' id='word_1_71' title='bbox 188 892 263 933; x_wconf 84' lang='lat' dir='ltr'><strong>per</strong></span> <span class='ocrx_word' id='word_1_72' title='bbox 292 880 626 933; x_wconf 81' lang='lat' dir='ltr'><strong>Thyatirensiuni</strong></span> <span class='ocrx_word' id='word_1_73' title='bbox 667 879 770 923; x_wconf 83' lang='lat' dir='ltr'><strong>fines</strong></span> <span class='ocrx_word' id='word_1_74' title='bbox 809 881 952 933; x_wconf 75' lang='lat' dir='ltr'><strong>pedem</strong></span> <span class='ocrx_word' id='word_1_75' title='bbox 991 881 1135 922; x_wconf 87' lang='lat' dir='ltr'><strong>retulit</strong></span> <span class='ocrx_word' id='word_1_76' title='bbox 1166 880 1272 935; x_wconf 84' lang='lat' dir='ltr'><strong>(Pol.</strong></span> <span class='ocrx_word' id='word_1_77' title='bbox 1300 881 1470 922; x_wconf 75' lang='lat' dir='ltr'><strong>XXXII.</strong></span> <span class='ocrx_word' id='word_1_78' title='bbox 1509 881 1590 933; x_wconf 85' lang='lat'><strong>25).</strong></span> <span class='ocrx_word' id='word_1_79' title='bbox 1646 881 1734 923; x_wconf 88' lang='lat' dir='ltr'><strong>Iam</strong></span> 
     </span>
     <span class='ocr_line' id='line_1_12' title="bbox 189 950 1732 1005; baseline 0 -13"><span class='ocrx_word' id='word_1_80' title='bbox 189 950 387 1004; x_wconf 87' lang='lat' dir='ltr'><strong>Polybius</strong></span> <span class='ocrx_word' id='word_1_81' title='bbox 410 951 539 992; x_wconf 81' lang='lat' dir='ltr'><strong>tradit</strong></span> <span class='ocrx_word' id='word_1_82' title='bbox 557 951 686 993; x_wconf 85' lang='lat' dir='ltr'><strong>fuisse</strong></span> <span class='ocrx_word' id='word_1_83' title='bbox 715 953 755 993; x_wconf 92' lang='lat' dir='ltr'><strong>in</strong></span> <span class='ocrx_word' id='word_1_84' title='bbox 773 952 1076 993; x_wconf 88' lang='lat' dir='ltr'><strong>conditionibus</strong></span> <span class='ocrx_word' id='word_1_85' title='bbox 1093 953 1205 1005; x_wconf 84' lang='lat' dir='ltr'><strong>pacis</strong></span> <span class='ocrx_word' id='word_1_86' title='bbox 1219 956 1365 1005; x_wconf 89' lang='lat' dir='ltr'><strong>postea</strong></span> <span class='ocrx_word' id='word_1_87' title='bbox 1381 952 1506 993; x_wconf 88' lang='lat' dir='ltr'><strong>initae</strong></span> <span class='ocrx_word' id='word_1_88' title='bbox 1522 951 1732 1004; x_wconf 85' lang='lat' dir='ltr'><strong>(XXXIII.</strong></span> 
     </span>
     <span class='ocr_line' id='line_1_13' title="bbox 191 1020 1733 1075; baseline 0.001 -13"><span class='ocrx_word' id='word_1_89' title='bbox 191 1020 341 1075; x_wconf 77' lang='lat'><strong>11.8.),</strong></span> <span class='ocrx_word' id='word_1_90' title='bbox 371 1025 419 1063; x_wconf 90' lang='lat' dir='ltr'><strong>ut</strong></span> <span class='ocrx_word' id='word_1_91' title='bbox 433 1021 600 1063; x_wconf 88' lang='lat' dir='ltr'><strong>Prusias</strong></span> <span class='ocrx_word' id='word_1_92' title='bbox 620 1034 686 1064; x_wconf 83' lang='lat' dir='ltr'><strong>res</strong></span> <span class='ocrx_word' id='word_1_93' title='bbox 706 1022 897 1064; x_wconf 86' lang='lat' dir='ltr'><strong>redderet</strong></span> <span class='ocrx_word' id='word_1_94' title='bbox 912 1022 1223 1075; x_wconf 89' lang='lat' dir='ltr'><strong>Methymnaeis,</strong></span> <span class='ocrx_word' id='word_1_95' title='bbox 1252 1022 1518 1074; x_wconf 84' lang='lat' dir='ltr'><strong>Aegeatibus,</strong></span> <span class='ocrx_word' id='word_1_96' title='bbox 1547 1021 1733 1074; x_wconf 86' lang='lat' dir='ltr'><strong>Cymaeis</strong></span> 
     </span>
     <span class='ocr_line' id='line_1_14' title="bbox 188 1092 1734 1146; baseline 0 -13"><span class='ocrx_word' id='word_1_97' title='bbox 188 1092 474 1145; x_wconf 87' lang='lat' dir='ltr'><strong>Heracleotis,</strong></span> <span class='ocrx_word' id='word_1_98' title='bbox 518 1092 627 1134; x_wconf 91' lang='lat' dir='ltr'><strong>unde</strong></span> <span class='ocrx_word' id='word_1_99' title='bbox 659 1093 843 1146; x_wconf 88' lang='lat' dir='ltr'><strong>sequitur</strong></span> <span class='ocrx_word' id='word_1_100' title='bbox 882 1093 961 1134; x_wconf 92' lang='lat' dir='ltr'><strong>illis</strong></span> <span class='ocrx_word' id='word_1_101' title='bbox 992 1093 1097 1134; x_wconf 89' lang='lat' dir='ltr'><strong>bello</strong></span> <span class='ocrx_word' id='word_1_102' title='bbox 1128 1105 1208 1134; x_wconf 87' lang='lat' dir='ltr'><strong>non</strong></span> <span class='ocrx_word' id='word_1_103' title='bbox 1239 1104 1412 1145; x_wconf 90' lang='lat' dir='ltr'><strong>parvum</strong></span> <span class='ocrx_word' id='word_1_104' title='bbox 1439 1092 1734 1134; x_wconf 89' lang='lat' dir='ltr'><strong>detrimentum</strong></span> 
     </span>
     <span class='ocr_line' id='line_1_15' title="bbox 188 1162 1731 1215; baseline 0 -12"><span class='ocrx_word' id='word_1_105' title='bbox 188 1163 353 1203; x_wconf 88' lang='lat' dir='ltr'><strong>illatum</strong></span> <span class='ocrx_word' id='word_1_106' title='bbox 382 1174 485 1204; x_wconf 88' lang='lat' dir='ltr'><strong>esse.</strong></span> <span class='ocrx_word' id='word_1_107' title='bbox 544 1163 633 1213; x_wconf 82' lang='lat' dir='ltr'><strong>Qua</strong></span> <span class='ocrx_word' id='word_1_108' title='bbox 665 1164 714 1205; x_wconf 87' lang='lat' dir='ltr'><strong>de</strong></span> <span class='ocrx_word' id='word_1_109' title='bbox 744 1176 869 1205; x_wconf 83' lang='lat' dir='ltr'><strong>causa</strong></span> <span class='ocrx_word' id='word_1_110' title='bbox 898 1176 990 1204; x_wconf 87' lang='lat' dir='ltr'><strong>cum</strong></span> <span class='ocrx_word' id='word_1_111' title='bbox 1010 1164 1146 1215; x_wconf 87' lang='lat' dir='ltr'><strong>priore</strong></span> <span class='ocrx_word' id='word_1_112' title='bbox 1176 1163 1435 1214; x_wconf 84' lang='lat' dir='ltr'><strong>expeditione</strong></span> <span class='ocrx_word' id='word_1_113' title='bbox 1464 1162 1573 1204; x_wconf 90' lang='lat' dir='ltr'><strong>ultra</strong></span> <span class='ocrx_word' id='word_1_114' title='bbox 1587 1162 1731 1204; x_wconf 90' lang='lat' dir='ltr'><strong>Eleam</strong></span> 
     </span>
     <span class='ocr_line' id='line_1_16' title="bbox 189 1233 1733 1287; baseline 0 -13"><span class='ocrx_word' id='word_1_115' title='bbox 189 1244 438 1285; x_wconf 81' lang='lat' dir='ltr'><strong>progressus</strong></span> <span class='ocrx_word' id='word_1_116' title='bbox 483 1245 563 1274; x_wconf 92' lang='lat' dir='ltr'><strong>non</strong></span> <span class='ocrx_word' id='word_1_117' title='bbox 609 1234 664 1274; x_wconf 89' lang='lat' dir='ltr'><strong>sit</strong></span> <span class='ocrx_word' id='word_1_118' title='bbox 704 1234 897 1287; x_wconf 86' lang='lat' dir='ltr'><strong>Prusias,</strong></span> <span class='ocrx_word' id='word_1_119' title='bbox 950 1235 1129 1275; x_wconf 72' lang='lat' dir='ltr'><strong>tortasse</strong></span> <span class='ocrx_word' id='word_1_120' title='bbox 1169 1233 1218 1274; x_wconf 87' lang='lat' dir='ltr'><strong>de</strong></span> <span class='ocrx_word' id='word_1_121' title='bbox 1261 1245 1309 1275; x_wconf 84' lang='lat' dir='ltr'><strong>eo</strong></span> <span class='ocrx_word' id='word_1_122' title='bbox 1363 1233 1534 1285; x_wconf 85' lang='lat' dir='ltr'><strong>cogitari</strong></span> <span class='ocrx_word' id='word_1_123' title='bbox 1584 1235 1733 1286; x_wconf 89' lang='lat' dir='ltr'><strong>potest,</strong></span> 
     </span>
     <span class='ocr_line' id='line_1_17' title="bbox 190 1300 1732 1356; baseline 0.001 -12"><span class='ocrx_word' id='word_1_124' title='bbox 190 1304 444 1356; x_wconf 84' lang='lat' dir='ltr'><strong>Aegeatibus</strong></span> <span class='ocrx_word' id='word_1_125' title='bbox 471 1303 740 1355; x_wconf 86' lang='lat' dir='ltr'><strong>Cymaeisque</strong></span> <span class='ocrx_word' id='word_1_126' title='bbox 770 1304 901 1345; x_wconf 86' lang='lat' dir='ltr'><strong>altera</strong></span> <span class='ocrx_word' id='word_1_127' title='bbox 931 1304 1162 1345; x_wconf 79' lang='lat' dir='ltr'><strong>incursione</strong></span> <span class='ocrx_word' id='word_1_128' title='bbox 1192 1316 1300 1345; x_wconf 87' lang='lat' dir='ltr'><strong>anno</strong></span> <span class='ocrx_word' id='word_1_129' title='bbox 1333 1307 1408 1344; x_wconf 92' lang='lat'><strong>155</strong></span> <span class='ocrx_word' id='word_1_130' title='bbox 1439 1304 1552 1345; x_wconf 89' lang='lat' dir='ltr'><strong>facta</strong></span> <span class='ocrx_word' id='word_1_131' title='bbox 1580 1300 1732 1345; x_wconf 88' lang='lat' dir='ltr'><strong>bellum</strong></span> 
     </span>
     <span class='ocr_line' id='line_1_18' title="bbox 190 1373 1733 1426; baseline 0.001 -12"><span class='ocrx_word' id='word_1_132' title='bbox 190 1373 348 1415; x_wconf 88' lang='lat' dir='ltr'><strong>illatum</strong></span> <span class='ocrx_word' id='word_1_133' title='bbox 379 1385 481 1414; x_wconf 80' lang='lat' dir='ltr'><strong>esse.</strong></span> <span class='ocrx_word' id='word_1_134' title='bbox 539 1374 716 1426; x_wconf 87' lang='lat' dir='ltr'><strong>Appiani</strong></span> <span class='ocrx_word' id='word_1_135' title='bbox 756 1378 894 1415; x_wconf 81' lang='lat' dir='ltr'><strong>autern</strong></span> <span class='ocrx_word' id='word_1_136' title='bbox 925 1386 1040 1415; x_wconf 89' lang='lat' dir='ltr'><strong>error</strong></span> <span class='ocrx_word' id='word_1_137' title='bbox 1077 1386 1176 1416; x_wconf 87' lang='lat' dir='ltr'><strong>sane</strong></span> <span class='ocrx_word' id='word_1_138' title='bbox 1214 1374 1323 1415; x_wconf 90' lang='lat' dir='ltr'><strong>nullo</strong></span> <span class='ocrx_word' id='word_1_139' title='bbox 1355 1373 1435 1415; x_wconf 90' lang='lat' dir='ltr'><strong>alio</strong></span> <span class='ocrx_word' id='word_1_140' title='bbox 1472 1373 1587 1415; x_wconf 78' lang='lat' dir='ltr'><strong>niodo</strong></span> <span class='ocrx_word' id='word_1_141' title='bbox 1615 1377 1733 1415; x_wconf 89' lang='lat' dir='ltr'><strong>ortus</strong></span> 
     </span>
     <span class='ocr_line' id='line_1_19' title="bbox 189 1444 1732 1497; baseline 0 -12"><span class='ocrx_word' id='word_1_142' title='bbox 189 1448 268 1496; x_wconf 84' lang='lat' dir='ltr'><strong>est,</strong></span> <span class='ocrx_word' id='word_1_143' title='bbox 297 1457 419 1496; x_wconf 82' lang='lat' dir='ltr'><strong>quarn</strong></span> <span class='ocrx_word' id='word_1_144' title='bbox 447 1444 560 1496; x_wconf 81' lang='lat' dir='ltr'><strong>quod</strong></span> <span class='ocrx_word' id='word_1_145' title='bbox 582 1457 648 1485; x_wconf 87' lang='lat' dir='ltr'><strong>res</strong></span> <span class='ocrx_word' id='word_1_146' title='bbox 669 1444 827 1486; x_wconf 89' lang='lat' dir='ltr'><strong>duobus</strong></span> <span class='ocrx_word' id='word_1_147' title='bbox 847 1445 966 1486; x_wconf 88' lang='lat' dir='ltr'><strong>annis</strong></span> <span class='ocrx_word' id='word_1_148' title='bbox 989 1449 1142 1497; x_wconf 86' lang='lat' dir='ltr'><strong>gestas,</strong></span> <span class='ocrx_word' id='word_1_149' title='bbox 1169 1457 1257 1485; x_wconf 81' lang='lat' dir='ltr'><strong>cuin</strong></span> <span class='ocrx_word' id='word_1_150' title='bbox 1283 1444 1368 1485; x_wconf 86' lang='lat' dir='ltr'><strong>fere</strong></span> <span class='ocrx_word' id='word_1_151' title='bbox 1387 1444 1554 1485; x_wconf 89' lang='lat' dir='ltr'><strong>eaedem</strong></span> <span class='ocrx_word' id='word_1_152' title='bbox 1582 1448 1732 1496; x_wconf 86' lang='lat' dir='ltr'><strong>essent,</strong></span> 
     </span>
     <span class='ocr_line' id='line_1_20' title="bbox 187 1514 1772 1567; baseline 0.003 -12"><span class='ocrx_word' id='word_1_153' title='bbox 187 1515 387 1567; x_wconf 86' lang='lat' dir='ltr'><strong>imprimis</strong></span> <span class='ocrx_word' id='word_1_154' title='bbox 404 1514 628 1566; x_wconf 82' lang='lat' dir='ltr'><strong>Pergamus</strong></span> <span class='ocrx_word' id='word_1_155' title='bbox 659 1520 832 1567; x_wconf 88' lang='lat' dir='ltr'><strong>utroque</strong></span> <span class='ocrx_word' id='word_1_156' title='bbox 862 1528 969 1557; x_wconf 89' lang='lat' dir='ltr'><strong>anno</strong></span> <span class='ocrx_word' id='word_1_157' title='bbox 991 1515 1160 1557; x_wconf 91' lang='lat' dir='ltr'><strong>obsessa</strong></span> <span class='ocrx_word' id='word_1_158' title='bbox 1191 1518 1321 1566; x_wconf 72' lang='lat' dir='ltr'><strong>osset,</strong></span> <span class='ocrx_word' id='word_1_159' title='bbox 1351 1515 1392 1555; x_wconf 91' lang='lat' dir='ltr'><strong>in</strong></span> <span class='ocrx_word' id='word_1_160' title='bbox 1430 1526 1553 1556; x_wconf 88' lang='lat' dir='ltr'><strong>unum</strong></span> <span class='ocrx_word' id='word_1_161' title='bbox 1582 1526 1734 1556; x_wconf 88' lang='lat' dir='ltr'><strong>annum</strong></span> <span class='ocrx_word' id='word_1_162' title='bbox 1768 1554 1772 1559; x_wconf 77' lang='grc'><strong><em>,</em></strong></span> 
     </span>
     <span class='ocr_line' id='line_1_21' title="bbox 190 1584 1733 1638; baseline 0 -12"><span class='ocrx_word' id='word_1_163' title='bbox 190 1585 408 1626; x_wconf 84' lang='lat' dir='ltr'><strong>coartavit.</strong></span> <span class='ocrx_word' id='word_1_164' title='bbox 479 1586 599 1636; x_wconf 71' lang='lat' dir='ltr'><strong>Quod</strong></span> <span class='ocrx_word' id='word_1_165' title='bbox 638 1589 685 1627; x_wconf 87' lang='lat' dir='ltr'><strong>ut</strong></span> <span class='ocrx_word' id='word_1_166' title='bbox 725 1585 880 1628; x_wconf 85' lang='lat' dir='ltr'><strong>faceret</strong></span> <span class='ocrx_word' id='word_1_167' title='bbox 918 1598 964 1628; x_wconf 90' lang='lat' dir='ltr'><strong>eo</strong></span> <span class='ocrx_word' id='word_1_168' title='bbox 1002 1585 1162 1628; x_wconf 86' lang='lat' dir='ltr'><strong>facilius</strong></span> <span class='ocrx_word' id='word_1_169' title='bbox 1196 1585 1377 1626; x_wconf 85' lang='lat' dir='ltr'><strong>animum</strong></span> <span class='ocrx_word' id='word_1_170' title='bbox 1416 1585 1597 1637; x_wconf 85' lang='lat' dir='ltr'><strong>induxit,</strong></span> <span class='ocrx_word' id='word_1_171' title='bbox 1637 1584 1733 1638; x_wconf 86' lang='lat' dir='ltr'><strong>quia</strong></span> 
     </span>
     <span class='ocr_line' id='line_1_22' title="bbox 188 1655 1733 1708; baseline 0 -12"><span class='ocrx_word' id='word_1_172' title='bbox 188 1656 269 1707; x_wconf 88' lang='lat' dir='ltr'><strong>ipsi</strong></span> <span class='ocrx_word' id='word_1_173' title='bbox 299 1668 382 1696; x_wconf 91' lang='lat' dir='ltr'><strong>non</strong></span> <span class='ocrx_word' id='word_1_174' title='bbox 412 1668 494 1696; x_wconf 89' lang='lat' dir='ltr'><strong>una</strong></span> <span class='ocrx_word' id='word_1_175' title='bbox 525 1668 709 1708; x_wconf 86' lang='lat' dir='ltr'><strong>quaeque</strong></span> <span class='ocrx_word' id='word_1_176' title='bbox 736 1668 802 1697; x_wconf 88' lang='lat' dir='ltr'><strong>res</strong></span> <span class='ocrx_word' id='word_1_177' title='bbox 825 1656 1055 1698; x_wconf 87' lang='lat' dir='ltr'><strong>accuratius</strong></span> <span class='ocrx_word' id='word_1_178' title='bbox 1075 1656 1367 1708; x_wconf 84' lang='lat' dir='ltr'><strong>pertractanda</strong></span> <span class='ocrx_word' id='word_1_179' title='bbox 1397 1656 1470 1697; x_wconf 89' lang='lat' dir='ltr'><strong>sed</strong></span> <span class='ocrx_word' id='word_1_180' title='bbox 1492 1655 1733 1696; x_wconf 87' lang='lat' dir='ltr'><strong>brevissima.</strong></span> 
     </span>
     <span class='ocr_line' id='line_1_23' title="bbox 191 1725 1734 1780; baseline 0.001 -13"><span class='ocrx_word' id='word_1_181' title='bbox 191 1725 409 1779; x_wconf 86' lang='lat' dir='ltr'><strong>Bithyniae</strong></span> <span class='ocrx_word' id='word_1_182' title='bbox 428 1726 601 1768; x_wconf 88' lang='lat' dir='ltr'><strong>historia</strong></span> <span class='ocrx_word' id='word_1_183' title='bbox 630 1726 912 1780; x_wconf 84' lang='lat' dir='ltr'><strong>componenda</strong></span> <span class='ocrx_word' id='word_1_184' title='bbox 935 1730 1035 1768; x_wconf 87' lang='lat' dir='ltr'><strong>erat.</strong></span> <span class='ocrx_word' id='word_1_185' title='bbox 1093 1725 1283 1768; x_wconf 86' lang='lat' dir='ltr'><strong>Ceterum</strong></span> <span class='ocrx_word' id='word_1_186' title='bbox 1305 1730 1352 1768; x_wconf 91' lang='lat' dir='ltr'><strong>ut</strong></span> <span class='ocrx_word' id='word_1_187' title='bbox 1379 1725 1458 1768; x_wconf 92' lang='lat' dir='ltr'><strong>hoc</strong></span> <span class='ocrx_word' id='word_1_188' title='bbox 1485 1725 1572 1769; x_wconf 92' lang='lat' dir='ltr'><strong>loco</strong></span> <span class='ocrx_word' id='word_1_189' title='bbox 1602 1727 1734 1769; x_wconf 86' lang='lat' dir='ltr'><strong>totam</strong></span> 
     </span>
     <span class='ocr_line' id='line_1_24' title="bbox 191 1796 1731 1849; baseline 0 -13"><span class='ocrx_word' id='word_1_190' title='bbox 191 1796 242 1838; x_wconf 79' lang='lat' dir='ltr'><strong>(le</strong></span> <span class='ocrx_word' id='word_1_191' title='bbox 282 1796 462 1849; x_wconf 86' lang='lat' dir='ltr'><strong>Appiani</strong></span> <span class='ocrx_word' id='word_1_192' title='bbox 509 1796 777 1848; x_wconf 86' lang='lat' dir='ltr'><strong>chronologia</strong></span> <span class='ocrx_word' id='word_1_193' title='bbox 820 1797 1105 1849; x_wconf 85' lang='lat' dir='ltr'><strong>quaestionem</strong></span> <span class='ocrx_word' id='word_1_194' title='bbox 1147 1797 1382 1849; x_wconf 85' lang='lat' dir='ltr'><strong>absolvam,</strong></span> <span class='ocrx_word' id='word_1_195' title='bbox 1426 1796 1603 1849; x_wconf 88' lang='lat' dir='ltr'><strong>primum</strong></span> <span class='ocrx_word' id='word_1_196' title='bbox 1643 1808 1731 1849; x_wconf 87' lang='lat' dir='ltr'><strong>cap.</strong></span> 
     </span>
     <span class='ocr_line' id='line_1_25' title="bbox 192 1866 1732 1920; baseline -0.001 -12"><span class='ocrx_word' id='word_1_197' title='bbox 192 1867 308 1908; x_wconf 86' lang='lat' dir='ltr'><strong>tertii</strong></span> <span class='ocrx_word' id='word_1_198' title='bbox 337 1868 596 1909; x_wconf 88' lang='lat' dir='ltr'><strong>enunciatum</strong></span> <span class='ocrx_word' id='word_1_199' title='bbox 628 1867 682 1908; x_wconf 88' lang='lat' dir='ltr'><strong>ad</strong></span> <span class='ocrx_word' id='word_1_200' title='bbox 708 1879 746 1908; x_wconf 90' lang='lat' dir='ltr'><strong>a.</strong></span> <span class='ocrx_word' id='word_1_201' title='bbox 773 1870 849 1908; x_wconf 80' lang='lat'><strong>156</strong></span> <span class='ocrx_word' id='word_1_202' title='bbox 880 1868 1071 1920; x_wconf 87' lang='lat' dir='ltr'><strong>pertinet,</strong></span> <span class='ocrx_word' id='word_1_203' title='bbox 1103 1879 1207 1919; x_wconf 89' lang='lat' dir='ltr'><strong>quae</strong></span> <span class='ocrx_word' id='word_1_204' title='bbox 1234 1870 1464 1919; x_wconf 89' lang='lat' dir='ltr'><strong>sequuntur</strong></span> <span class='ocrx_word' id='word_1_205' title='bbox 1479 1866 1732 1920; x_wconf 71' lang='grc' dir='ltr'>(μαθοῦσα-</span> 
     </span>
     <span class='ocr_line' id='line_1_26' title="bbox 191 1936 1733 1992; baseline 0 -13"><span class='ocrx_word' id='word_1_206' title='bbox 191 1936 449 1992; x_wconf 78' lang='grc' dir='ltr'><strong><em>ἐπολιόρκει)</em></strong></span> <span class='ocrx_word' id='word_1_207' title='bbox 504 1950 614 1979; x_wconf 91' lang='lat' dir='ltr'><strong>anno</strong></span> <span class='ocrx_word' id='word_1_208' title='bbox 660 1942 734 1979; x_wconf 90' lang='lat'><strong>155</strong></span> <span class='ocrx_word' id='word_1_209' title='bbox 789 1938 926 1980; x_wconf 88' lang='lat' dir='ltr'><strong>danda</strong></span> <span class='ocrx_word' id='word_1_210' title='bbox 957 1941 1075 1990; x_wconf 91' lang='lat' dir='ltr'><strong>sunt,</strong></span> <span class='ocrx_word' id='word_1_211' title='bbox 1126 1949 1233 1990; x_wconf 89' lang='lat' dir='ltr'><strong>quae</strong></span> <span class='ocrx_word' id='word_1_212' title='bbox 1284 1941 1446 1980; x_wconf 87' lang='lat' dir='ltr'><strong>restant</strong></span> <span class='ocrx_word' id='word_1_213' title='bbox 1488 1938 1540 1980; x_wconf 90' lang='lat' dir='ltr'><strong>ad</strong></span> <span class='ocrx_word' id='word_1_214' title='bbox 1577 1950 1616 1980; x_wconf 85' lang='lat' dir='ltr'><strong>a.</strong></span> <span class='ocrx_word' id='word_1_215' title='bbox 1656 1941 1733 1980; x_wconf 86' lang='lat'><strong>159</strong></span> 
     </span>
     <span class='ocr_line' id='line_1_27' title="bbox 193 2008 1733 2063; baseline 0.001 -12"><span class='ocrx_word' id='word_1_216' title='bbox 193 2012 395 2063; x_wconf 85' lang='lat' dir='ltr'><strong>spectant.</strong></span> <span class='ocrx_word' id='word_1_217' title='bbox 466 2008 654 2052; x_wconf 89' lang='lat' dir='ltr'><strong>Bekkero</strong></span> <span class='ocrx_word' id='word_1_218' title='bbox 691 2022 765 2052; x_wconf 91' lang='lat' dir='ltr'><strong>sua</strong></span> <span class='ocrx_word' id='word_1_219' title='bbox 803 2009 908 2052; x_wconf 90' lang='lat' dir='ltr'><strong>ratio</strong></span> <span class='ocrx_word' id='word_1_220' title='bbox 940 2009 1017 2063; x_wconf 86' lang='lat' dir='ltr'><strong>ipsi</strong></span> <span class='ocrx_word' id='word_1_221' title='bbox 1053 2008 1310 2051; x_wconf 81' lang='lat' dir='ltr'><strong>defendenda</strong></span> <span class='ocrx_word' id='word_1_222' title='bbox 1351 2009 1441 2052; x_wconf 89' lang='lat' dir='ltr'><strong>erit.</strong></span> <span class='ocrx_word' id='word_1_223' title='bbox 1513 2008 1592 2052; x_wconf 83' lang='lat' dir='ltr'><strong>Sed</strong></span> <span class='ocrx_word' id='word_1_224' title='bbox 1631 2009 1733 2052; x_wconf 88' lang='lat' dir='ltr'><strong>haec</strong></span> 
     </span>
     <span class='ocr_line' id='line_1_28' title="bbox 190 2081 403 2121; baseline 0 0"><span class='ocrx_word' id='word_1_225' title='bbox 190 2081 403 2121; x_wconf 84' lang='lat' dir='ltr'><strong>hactenus.</strong></span> 
     </span>
    </p>

    <p class='ocr_par' dir='ltr' id='par_1_5' title="bbox 179 2150 1733 2487">
     <span class='ocr_line' id='line_1_29' title="bbox 301 2150 1732 2203; baseline 0 -11"><span class='ocrx_word' id='word_1_226' title='bbox 301 2150 458 2203; x_wconf 91' lang='lat' dir='ltr'><strong>Polybii</strong></span> <span class='ocrx_word' id='word_1_227' title='bbox 489 2163 596 2193; x_wconf 86' lang='lat' dir='ltr'><strong>exce.</strong></span> <span class='ocrx_word' id='word_1_228' title='bbox 615 2151 661 2192; x_wconf 80' lang='grc' dir='ltr'><strong>Β.</strong></span> <span class='ocrx_word' id='word_1_229' title='bbox 690 2154 777 2193; x_wconf 81' lang='lat'><strong>135.</strong></span> <span class='ocrx_word' id='word_1_230' title='bbox 812 2154 887 2192; x_wconf 74' lang='lat'><strong>136</strong></span> <span class='ocrx_word' id='word_1_231' title='bbox 917 2163 966 2192; x_wconf 87' lang='lat' dir='ltr'><strong>ex</strong></span> <span class='ocrx_word' id='word_1_232' title='bbox 994 2152 1090 2193; x_wconf 87' lang='lat' dir='ltr'><strong>anni</strong></span> <span class='ocrx_word' id='word_1_233' title='bbox 1124 2155 1201 2193; x_wconf 86' lang='lat'><strong>154</strong></span> <span class='ocrx_word' id='word_1_234' title='bbox 1229 2151 1400 2193; x_wconf 86' lang='lat' dir='ltr'><strong>historia</strong></span> <span class='ocrx_word' id='word_1_235' title='bbox 1417 2150 1540 2192; x_wconf 88' lang='lat' dir='ltr'><strong>Asiae</strong></span> <span class='ocrx_word' id='word_1_236' title='bbox 1566 2153 1732 2203; x_wconf 88' lang='lat' dir='ltr'><strong>sumpta</strong></span> 
     </span>
     <span class='ocr_line' id='line_1_30' title="bbox 190 2220 1732 2274; baseline -0.001 -12"><span class='ocrx_word' id='word_1_237' title='bbox 190 2233 293 2273; x_wconf 82' lang='lat' dir='ltr'><strong>esse,</strong></span> <span class='ocrx_word' id='word_1_238' title='bbox 325 2221 405 2261; x_wconf 88' lang='lat' dir='ltr'><strong>iam</strong></span> <span class='ocrx_word' id='word_1_239' title='bbox 426 2233 504 2262; x_wconf 92' lang='lat' dir='ltr'><strong>non</strong></span> <span class='ocrx_word' id='word_1_240' title='bbox 534 2233 637 2274; x_wconf 87' lang='lat' dir='ltr'><strong>opus</strong></span> <span class='ocrx_word' id='word_1_241' title='bbox 657 2222 735 2262; x_wconf 89' lang='lat' dir='ltr'><strong>erit</strong></span> <span class='ocrx_word' id='word_1_242' title='bbox 766 2223 998 2263; x_wconf 87' lang='lat' dir='ltr'><strong>accuratius</strong></span> <span class='ocrx_word' id='word_1_243' title='bbox 1029 2222 1247 2263; x_wconf 88' lang='lat' dir='ltr'><strong>ostendere</strong></span> <span class='ocrx_word' id='word_1_244' title='bbox 1265 2222 1339 2274; x_wconf 75' lang='lat' dir='ltr'><strong>(cc.</strong></span> <span class='ocrx_word' id='word_1_245' title='bbox 1372 2224 1432 2261; x_wconf 87' lang='lat'><strong>10.</strong></span> <span class='ocrx_word' id='word_1_246' title='bbox 1457 2220 1535 2273; x_wconf 89' lang='lat'><strong>11).</strong></span> <span class='ocrx_word' id='word_1_247' title='bbox 1560 2220 1732 2261; x_wconf 91' lang='lat' dir='ltr'><strong>-Deinde</strong></span> 
     </span>
     <span class='ocr_line' id='line_1_31' title="bbox 190 2291 1732 2345; baseline -0.001 -11"><span class='ocrx_word' id='word_1_248' title='bbox 190 2291 301 2344; x_wconf 88' lang='lat' dir='ltr'><strong>quod</strong></span> <span class='ocrx_word' id='word_1_249' title='bbox 331 2292 384 2332; x_wconf 88' lang='lat' dir='ltr'><strong>ad</strong></span> <span class='ocrx_word' id='word_1_250' title='bbox 421 2304 504 2334; x_wconf 89' lang='lat' dir='ltr'><strong>exc.</strong></span> <span class='ocrx_word' id='word_1_251' title='bbox 534 2294 581 2334; x_wconf 90' lang='lat' dir='ltr'><strong>A.</strong></span> <span class='ocrx_word' id='word_1_252' title='bbox 627 2295 713 2334; x_wconf 87' lang='lat'>137.</span> <span class='ocrx_word' id='word_1_253' title='bbox 745 2300 796 2345; x_wconf 74' lang='lat' dir='ltr'><strong>(c.</strong></span> <span class='ocrx_word' id='word_1_254' title='bbox 831 2294 896 2344; x_wconf 87' lang='lat'><strong>13)</strong></span> <span class='ocrx_word' id='word_1_255' title='bbox 924 2294 1096 2345; x_wconf 78' lang='lat' dir='ltr'><strong>attinet,</strong></span> <span class='ocrx_word' id='word_1_256' title='bbox 1150 2296 1392 2345; x_wconf 85' lang='lat' dir='ltr'><strong>comparato</strong></span> <span class='ocrx_word' id='word_1_257' title='bbox 1423 2293 1471 2333; x_wconf 92' lang='lat' dir='ltr'><strong>A.</strong></span> <span class='ocrx_word' id='word_1_258' title='bbox 1507 2294 1602 2343; x_wconf 86' lang='lat'><strong>132,</strong></span> <span class='ocrx_word' id='word_1_259' title='bbox 1641 2304 1732 2333; x_wconf 88' lang='lat' dir='ltr'><strong>cum</strong></span> 
     </span>
     <span class='ocr_line' id='line_1_32' title="bbox 192 2362 1733 2416; baseline 0.001 -13"><span class='ocrx_word' id='word_1_260' title='bbox 192 2367 236 2404; x_wconf 91' lang='lat' dir='ltr'><strong>et</strong></span> <span class='ocrx_word' id='word_1_261' title='bbox 265 2363 396 2415; x_wconf 85' lang='lat' dir='ltr'><strong>ipsum</strong></span> <span class='ocrx_word' id='word_1_262' title='bbox 427 2363 477 2403; x_wconf 88' lang='lat' dir='ltr'><strong>ad</strong></span> <span class='ocrx_word' id='word_1_263' title='bbox 502 2363 646 2405; x_wconf 86' lang='lat' dir='ltr'><strong>Italiae</strong></span> <span class='ocrx_word' id='word_1_264' title='bbox 672 2364 884 2405; x_wconf 87' lang='lat' dir='ltr'><strong>historiam</strong></span> <span class='ocrx_word' id='word_1_265' title='bbox 912 2368 1083 2416; x_wconf 76' lang='lat' dir='ltr'><strong>spectet,</strong></span> <span class='ocrx_word' id='word_1_266' title='bbox 1114 2363 1333 2415; x_wconf 88' lang='lat' dir='ltr'><strong>dubitabis,</strong></span> <span class='ocrx_word' id='word_1_267' title='bbox 1364 2366 1502 2403; x_wconf 82' lang='lat' dir='ltr'><strong>utrum</strong></span> <span class='ocrx_word' id='word_1_268' title='bbox 1527 2362 1601 2414; x_wconf 89' lang='lat' dir='ltr'><strong>ipsi</strong></span> <span class='ocrx_word' id='word_1_269' title='bbox 1626 2373 1733 2404; x_wconf 90' lang='lat' dir='ltr'><strong>anno</strong></span> 
     </span>
     <span class='ocr_line' id='line_1_33' title="bbox 179 2432 1732 2487; baseline 0.001 -14"><span class='ocrx_word' id='word_1_270' title='bbox 179 2438 273 2475; x_wconf 83' lang='lat'><strong>154</strong></span> <span class='ocrx_word' id='word_1_271' title='bbox 301 2446 355 2474; x_wconf 89' lang='lat' dir='ltr'><strong>an</strong></span> <span class='ocrx_word' id='word_1_272' title='bbox 382 2435 566 2486; x_wconf 87' lang='lat' dir='ltr'><strong>sequenti</strong></span> <span class='ocrx_word' id='word_1_273' title='bbox 599 2435 770 2476; x_wconf 87' lang='lat' dir='ltr'><strong>tribuas.</strong></span> <span class='ocrx_word' id='word_1_274' title='bbox 829 2434 1004 2476; x_wconf 86' lang='lat' dir='ltr'><strong>Videtur</strong></span> <span class='ocrx_word' id='word_1_275' title='bbox 1034 2435 1199 2487; x_wconf 88' lang='lat' dir='ltr'><strong>quidem</strong></span> <span class='ocrx_word' id='word_1_276' title='bbox 1224 2446 1333 2475; x_wconf 88' lang='lat' dir='ltr'><strong>anno</strong></span> <span class='ocrx_word' id='word_1_277' title='bbox 1366 2436 1441 2473; x_wconf 82' lang='lat'><strong>153</strong></span> <span class='ocrx_word' id='word_1_278' title='bbox 1472 2432 1732 2475; x_wconf 89' lang='lat' dir='ltr'><strong>tribuendum</strong></span> 
     </span>
    </p>
   </div>
   <div class='ocr_carea' id='block_1_5' title="bbox 189 2572 1732 2860">
    <p class='ocr_par' dir='ltr' id='par_1_6' title="bbox 189 2572 1732 2860">
     <span class='ocr_line' id='line_1_34' title="bbox 283 2572 1730 2631; baseline -0.001 -10"><span class='ocrx_word' id='word_1_279' title='bbox 283 2587 326 2621; x_wconf 79' lang='lat'><strong>24</strong></span> <span class='ocrx_word' id='word_1_280' title='bbox 334 2599 342 2626; x_wconf 69' lang='lat' dir='ltr'><em>y</em></span> <span class='ocrx_word' id='word_1_281' title='bbox 358 2586 487 2621; x_wconf 82' lang='lat' dir='ltr'><strong>Utalia</strong></span> <span class='ocrx_word' id='word_1_282' title='bbox 501 2596 592 2630; x_wconf 85' lang='lat' dir='ltr'><strong>quae</strong></span> <span class='ocrx_word' id='word_1_283' title='bbox 606 2587 669 2620; x_wconf 85' lang='lat' dir='ltr'><strong>abs</strong></span> <span class='ocrx_word' id='word_1_284' title='bbox 685 2572 724 2621; x_wconf 60' lang='lat' dir='ltr'><strong>re</strong></span> <span class='ocrx_word' id='word_1_285' title='bbox 737 2590 818 2620; x_wconf 88' lang='lat' dir='ltr'><strong>sunt</strong></span> <span class='ocrx_word' id='word_1_286' title='bbox 827 2586 995 2631; x_wconf 85' lang='lat' dir='ltr'><strong>omittam,</strong></span> <span class='ocrx_word' id='word_1_287' title='bbox 1012 2596 1148 2619; x_wconf 84' lang='lat' dir='ltr'><strong>summa</strong></span> <span class='ocrx_word' id='word_1_288' title='bbox 1158 2584 1380 2628; x_wconf 87' lang='lat' dir='ltr'><strong>indiligentia</strong></span> <span class='ocrx_word' id='word_1_289' title='bbox 1394 2584 1476 2620; x_wconf 90' lang='lat' dir='ltr'><strong>inde</strong></span> <span class='ocrx_word' id='word_1_290' title='bbox 1494 2586 1730 2631; x_wconf 88' lang='lat' dir='ltr'><strong>cognoscitur,</strong></span> 
     </span>
     <span class='ocr_line' id='line_1_35' title="bbox 191 2642 1731 2689; baseline -0.001 -9"><span class='ocrx_word' id='word_1_291' title='bbox 191 2644 290 2689; x_wconf 87' lang='lat' dir='ltr'><strong>quod</strong></span> <span class='ocrx_word' id='word_1_292' title='bbox 317 2644 413 2679; x_wconf 89' lang='lat' dir='ltr'><strong>nullo</strong></span> <span class='ocrx_word' id='word_1_293' title='bbox 438 2644 547 2679; x_wconf 88' lang='lat' dir='ltr'><strong>verbo</strong></span> <span class='ocrx_word' id='word_1_294' title='bbox 569 2643 671 2687; x_wconf 89' lang='lat' dir='ltr'><strong>dicit,</strong></span> <span class='ocrx_word' id='word_1_295' title='bbox 699 2644 783 2687; x_wconf 91' lang='lat' dir='ltr'><strong>quid</strong></span> <span class='ocrx_word' id='word_1_296' title='bbox 806 2644 976 2679; x_wconf 85' lang='lat' dir='ltr'><strong>Romanis</strong></span> <span class='ocrx_word' id='word_1_297' title='bbox 1008 2643 1139 2687; x_wconf 87' lang='lat' dir='ltr'><strong>legatis</strong></span> <span class='ocrx_word' id='word_1_298' title='bbox 1172 2642 1377 2687; x_wconf 88' lang='lat' dir='ltr'><strong>contigerit,</strong></span> <span class='ocrx_word' id='word_1_299' title='bbox 1416 2654 1484 2688; x_wconf 92' lang='lat' dir='ltr'><strong>quo</strong></span> <span class='ocrx_word' id='word_1_300' title='bbox 1518 2643 1731 2688; x_wconf 86' lang='lat' dir='ltr'><strong>aufugerint,</strong></span> 
     </span>
     <span class='ocr_line' id='line_1_36' title="bbox 189 2699 1731 2746; baseline -0.001 -9"><span class='ocrx_word' id='word_1_301' title='bbox 189 2701 369 2746; x_wconf 83' lang='lat' dir='ltr'><strong>quomodo</strong></span> <span class='ocrx_word' id='word_1_302' title='bbox 391 2705 538 2736; x_wconf 85' lang='lat' dir='ltr'><strong>senatus</strong></span> <span class='ocrx_word' id='word_1_303' title='bbox 555 2702 665 2735; x_wconf 86' lang='lat' dir='ltr'><strong>totius</strong></span> <span class='ocrx_word' id='word_1_304' title='bbox 689 2701 742 2735; x_wconf 91' lang='lat' dir='ltr'><strong>rei</strong></span> <span class='ocrx_word' id='word_1_305' title='bbox 763 2701 893 2736; x_wconf 88' lang='lat' dir='ltr'><strong>certior</strong></span> <span class='ocrx_word' id='word_1_306' title='bbox 917 2700 1031 2735; x_wconf 87' lang='lat' dir='ltr'><strong>factus</strong></span> <span class='ocrx_word' id='word_1_307' title='bbox 1055 2699 1111 2734; x_wconf 83' lang='lat' dir='ltr'><strong>sit.</strong></span> <span class='ocrx_word' id='word_1_308' title='bbox 1138 2699 1270 2734; x_wconf 83' lang='lat' dir='ltr'><strong>Contra.</strong></span> <span class='ocrx_word' id='word_1_309' title='bbox 1293 2710 1364 2734; x_wconf 90' lang='lat' dir='ltr'><strong>non</strong></span> <span class='ocrx_word' id='word_1_310' title='bbox 1383 2699 1521 2736; x_wconf 85' lang='lat' dir='ltr'><strong>dubitat</strong></span> <span class='ocrx_word' id='word_1_311' title='bbox 1540 2700 1731 2745; x_wconf 85' lang='lat' dir='ltr'><strong>affirmare,</strong></span> 
     </span>
     <span class='ocr_line' id='line_1_37' title="bbox 190 2755 1732 2804; baseline 0 -9"><span class='ocrx_word' id='word_1_312' title='bbox 190 2760 313 2795; x_wconf 87' lang='lat' dir='ltr'><strong>urbem</strong></span> <span class='ocrx_word' id='word_1_313' title='bbox 346 2757 481 2794; x_wconf 87' lang='lat' dir='ltr'><strong>tamdiu</strong></span> <span class='ocrx_word' id='word_1_314' title='bbox 517 2770 538 2794; x_wconf 83' lang='lat' dir='ltr'><strong>a</strong></span> <span class='ocrx_word' id='word_1_315' title='bbox 565 2758 692 2793; x_wconf 83' lang='lat' dir='ltr'><strong>Prusia</strong></span> <span class='ocrx_word' id='word_1_316' title='bbox 723 2758 906 2794; x_wconf 88' lang='lat' dir='ltr'><strong>obsessam</strong></span> <span class='ocrx_word' id='word_1_317' title='bbox 933 2768 1030 2804; x_wconf 69' lang='lat' dir='ltr'><strong>esse.</strong></span> <span class='ocrx_word' id='word_1_318' title='bbox 1072 2755 1186 2792; x_wconf 79' lang='lat' dir='ltr'><strong>donec</strong></span> <span class='ocrx_word' id='word_1_319' title='bbox 1211 2756 1319 2802; x_wconf 76' lang='lat' dir='ltr'><strong>legat-i</strong></span> <span class='ocrx_word' id='word_1_320' title='bbox 1357 2757 1472 2794; x_wconf 87' lang='lat' dir='ltr'><strong>denuo</strong></span> <span class='ocrx_word' id='word_1_321' title='bbox 1496 2758 1610 2795; x_wconf 85' lang='lat' dir='ltr'><strong>Roma</strong></span> <span class='ocrx_word' id='word_1_322' title='bbox 1633 2757 1732 2795; x_wconf 87' lang='lat' dir='ltr'><strong>missi</strong></span> 
     </span>
     <span class='ocr_line' id='line_1_38' title="bbox 191 2814 1436 2860; baseline 0 -9"><span class='ocrx_word' id='word_1_323' title='bbox 191 2817 290 2852; x_wconf 88' lang='lat' dir='ltr'><strong>illum</strong></span> <span class='ocrx_word' id='word_1_324' title='bbox 316 2826 416 2851; x_wconf 85' lang='lat' dir='ltr'><strong>arma</strong></span> <span class='ocrx_word' id='word_1_325' title='bbox 441 2815 621 2859; x_wconf 87' lang='lat' dir='ltr'><strong>deponere</strong></span> <span class='ocrx_word' id='word_1_326' title='bbox 647 2817 835 2851; x_wconf 87' lang='lat' dir='ltr'><strong>iussissent</strong></span> <span class='ocrx_word' id='word_1_327' title='bbox 859 2817 918 2859; x_wconf 75' lang='lat' dir='ltr'><strong>(ct.</strong></span> <span class='ocrx_word' id='word_1_328' title='bbox 945 2815 1067 2860; x_wconf 87' lang='lat' dir='ltr'><strong>Polyb.</strong></span> <span class='ocrx_word' id='word_1_329' title='bbox 1094 2814 1256 2848; x_wconf 88' lang='lat' dir='ltr'><strong>XXXlll.</strong></span> <span class='ocrx_word' id='word_1_330' title='bbox 1288 2815 1338 2849; x_wconf 85' lang='lat'><strong>10.</strong></span> <span class='ocrx_word' id='word_1_331' title='bbox 1367 2818 1436 2858; x_wconf 88' lang='grc'><strong>11).</strong></span> 
     </span>
    </p>
   </div>
  </div>
 </body>
</html>
