1898 3104
516 371 845 449 Sententiae
892 380 1325 451 controversae.

254 676 525 718 Athenienses
567 677 670 719 bello
708 607 1008 719 Chremonliiieo
1055 677 1274 730 implicitos
1303 678 1562 722 Ptolemaeus
1590 679 1688 722 Phi-

144 747 362 801 ladelphus
391 747 589 790 deseruit.

898 834 948 875 II.

252 902 477 945 Eumenem
514 916 551 945 a.
592 906 670 945 168
708 915 798 946 cum
834 903 983 946 Perseo
1022 904 1073 946 de
1110 916 1211 958 pace
1251 904 1506 947 concilianda
1546 904 1694 958 egisse,

144 972 439 1016 Mommsenius
470 972 592 1028 (hist.
623 974 738 1016 Rom.
765 974 825 1028 1⁴,
858 975 954 1027 784)
982 975 1134 1017 iniuria
1160 976 1339 1029 negavit,

253 1132 482 1174 Antiochus
511 1132 552 1174 II
581 1132 728 1184 Syriae
755 1144 828 1174 rex
856 1131 1085 1185 Epiphanis
1114 1134 1357 1185 cognomine
1386 1145 1468 1176 non
1499 1133 1693 1185 indignus

145 1205 221 1243 est.

884 1273 954 1314 IV.

253 1342 403 1394 Legati
430 1344 604 1385 Romani
631 1355 668 1384 a.
704 1347 777 1384 155
808 1355 833 1384 a
863 1343 1008 1385 Prusia
1038 1343 1227 1395 Pergami
1263 1355 1342 1385 non
1383 1344 1503 1385 inviti
1533 1344 1693 1385 obsessi

148 1417 256 1455 sunt.
286 1412 389 1465 (Pol.
421 1413 614 1455 XXXIII.
644 1413 696 1466 6).

450 1486 452 1489 ’
895 1483 944 1523 V.

251 1555 448 1597 Lustrum
493 1555 702 1597 conditum
739 1553 838 1597 fasti
876 1554 1100 1606 Capitolini
1144 1565 1289 1606 parum
1330 1558 1522 1596 accurate
1561 1555 1692 1607 priori

144 1625 417 1678 magistratus
446 1625 625 1668 censorii
655 1637 764 1667 anno
800 1624 999 1667 tribuunt.

889 1711 959 1757 VI.

255 1782 318 1824 De
345 1783 523 1825 Henrico
542 1783 611 1825 IV.
641 1795 732 1825 cum
758 1782 841 1824 filio
864 1782 1045 1825 Henrico
1076 1782 1127 1824 de
1153 1783 1391 1835 principatu
1419 1781 1691 1824 contendente

146 1855 361 1906 Augustus
390 1854 441 1895 de
462 1853 624 1896 Druffel
648 1853 810 1908 (libello
835 1853 985 1895 Kaiser
1005 1853 1202 1895 Heinrich
1224 1852 1295 1895 IV.
1321 1852 1404 1895 und
1424 1853 1538 1895 scine
1557 1853 1694 1896 Sohne

144 1922 365 1977 inscripto)
398 1924 588 1966 iudicium
618 1924 804 1977 iniquum
834 1923 929 1965 fert.

869 2010 960 2053 VII.

252 2080 371 2132 Quod
408 2081 451 2122 in
489 2080 782 2124 Aletrinatium
811 2080 936 2123 titulo
987 2083 1126 2123 exstat
1154 2079 1372 2122 SENATV
1402 2104 1454 2109 -
1487 2079 1597 2133 quod
1634 2080 1689 2123 ad

144 2151 318 2194 formam
346 2152 528 2204 pertinet
558 2175 606 2181 -
637 2152 692 2194 ad
722 2152 951 2194 locativum
978 2151 1240 2194 referendum
1267 2155 1343 2193 est.

860 2238 971 2281 VIII.

254 2310 302 2351 In
340 2308 501 2361 Polybii
551 2309 574 2349 l.
618 2308 810 2350 XXXIII.
856 2320 946 2361 cap.
989 2312 1049 2350 10.
1101 2320 1190 2360 par.
1231 2310 1255 2347 3
1303 2319 1380 2360 pro
1422 2307 1693 2355 ἐπιστάσεως

145 2377 397 2423 restituerim
424 2378 697 2432 ἀνατάσεως,
726 2380 837 2433 quod
867 2379 1082 2433 Appianus
1112 2379 1295 2432 praebet.
