1898 3104
919 161 966 198 21

176 292 309 332 Porro
329 291 506 333 fortasse
527 295 714 333 statuere
732 290 883 343 licebit,
899 304 946 333 eo
965 276 1160 345 tempore,
1176 304 1257 344 quo
1276 292 1516 333 Ariarathes
1537 303 1710 344 regnum

175 361 334 416 amisit,
361 363 585 406 Eumenem
610 364 817 404 mortuum
845 374 948 417 esse,
987 365 1030 406 et
1056 368 1229 417 propter
1257 362 1297 405 id
1326 363 1457 417 ipsum
1488 363 1546 405 illi
1575 364 1710 407 omnia

175 433 349 474 adversa
373 432 591 483 cecidisse3
622 443 715 472 nam
746 432 947 485 principio
977 433 1143 485 quidem
1159 433 1380 474 Eumenem
1397 432 1450 474 ab
1478 433 1709 474 Ariarathis

175 504 363 558 partibus
382 503 561 552 stetisse,
593 515 641 544 ex
664 503 824 545 Zonara
845 504 946 546 satis
968 507 1142 547 constat.
1188 503 1252 546 De
1270 515 1353 546 exc.
1375 503 1421 546 P.
1440 507 1491 546 89
1502 505 1555 553 (c.
1575 508 1639 547 23.
1655 504 1710 557 8.)

175 574 274 627 quin
304 573 357 614 ad
388 584 540 613 annum
570 575 648 612 157
677 572 906 625 pertineat,
936 573 1004 614 vix
1031 573 1250 626 quisquam
1275 572 1493 615 dubitabit.

284 644 401 694 Quae
428 646 593 685 restant
618 655 725 685 exce.
755 643 799 684 P.
828 648 881 686 90
905 643 960 697 (c.
992 644 1061 695 25)
1095 644 1142 685 A.
1177 646 1253 685 128
1284 642 1339 697 (c.
1368 645 1437 696 26)
1482 645 1536 686 ad
1565 658 1601 687 a.
1633 650 1709 688 156

175 717 364 768 spectare
381 717 429 756 ut
441 713 776 765 demonstremus,
795 713 1132 767 proficiscendum
1153 717 1218 756 est
1234 725 1259 754 a
1277 714 1410 766 primo
1431 714 1521 756 libri
1532 715 1712 759 XXXIII

176 796 265 837 cap.
297 784 366 838 (A.
400 785 504 836 129).
570 784 690 835 Quod
728 784 1005 836 fragmentum
1044 785 1220 836 primum
1257 784 1349 825 libri
1391 784 1571 828 XXXIII
1608 799 1711 840 esse,

176 854 293 896 codd.
322 854 421 896 Bav.
445 858 489 896 et
513 854 640 907 Neap.
672 854 832 907 docent,
861 866 950 896 cum
979 854 1213 907 appositum
1241 853 1423 896 habeant
1456 856 1599 908 »λογος
1624 857 1712 911 λγ«;

175 925 351 977 primum
381 924 477 965 anni
507 924 679 965 alicuius
709 923 985 976 fragmentum
1005 936 1108 976 esse,
1140 924 1267 965 verba
1298 926 1360 964 ἔτι
1387 926 1500 965 κατά
1523 930 1713 978 χειμῶνα

175 995 380 1049 indicant3
410 994 464 1037 ad
491 995 612 1049 primi
642 994 788 1049 olymp.
819 994 944 1037 CLVI
970 995 1032 1037 vel
1059 1007 1095 1037 a.
1128 994 1222 1037 Chr.
1253 1007 1292 1038 n.
1323 996 1417 1037 anni
1444 999 1518 1037 155
1548 997 1710 1040 initium

176 1069 366 1119 spectare
406 1065 499 1107 inde
542 1070 741 1119 apparet,
792 1066 898 1118 quod
927 1079 1016 1119 par.
1054 1070 1077 1107 5
1105 1066 1237 1113 Aulus
1274 1066 1508 1109 Postumius
1544 1073 1714 1121 praet-or

177 1136 350 1190 dicitur,
381 1148 501 1190 quem
533 1149 570 1179 a.
603 1140 677 1178 155
709 1140 910 1190 praetura
932 1136 1118 1178 functum
1148 1148 1238 1179 esse
1269 1135 1409 1179 Cicero
1439 1139 1711 1194 testaturw).

174 1208 262 1249 Iam
295 1208 331 1249 si
371 1208 445 1249 1100
481 1208 759 1259 fragmentum
799 1220 848 1248 ex
887 1208 983 1248 anni
1027 1211 1101 1248 155
1142 1208 1336 1248 historiae.
1381 1208 1497 1249 initio
1535 1210 1711 1261 petitum

175 1280 260 1330 est,
296 1278 548 1319 antecedens
570 1277 750 1319 eiusdem
782 1276 962 1319 familiae
991 1280 1165 1319 exe.128
1195 1277 1247 1318 ad
1277 1289 1314 1319 a.
1343 1280 1418 1319 156
1448 1278 1710 1322 referendum

180 1351 256 1390 est.
301 1348 463 1390 Deinde
493 1349 591 1401 quia
621 1348 664 1390 P.
684 1347 895 1400 Lentulus,
926 1348 994 1400 qui
1025 1348 1192 1389 ineunte
1218 1359 1253 1388 a.
1271 1351 1360 1388 155
1390 1348 1561 1390 Romam
1587 1352 1712 1403 venit,

177 1418 267 1461 sine
295 1417 418 1460 dubio
448 1422 622 1460 exeunte
661 1418 844 1471 proximo
881 1429 988 1459 anno
1020 1429 1070 1458 ex
1100 1417 1198 1459 Asia
1226 1429 1417 1470 egressus
1445 1422 1523 1471 est,
1552 1432 1636 1463 exe.
1665 1422 1714 1464 A.

179 1492 258 1532 128
286 1490 517 1531 necessario
537 1489 590 1530 ad
616 1489 740 1530 finem
769 1501 806 1529 a.
836 1492 913 1529 156
943 1488 1189 1541 pertinet²¹.
1246 1488 1331 1529 Nec
1352 1487 1520 1531 dubium
1550 1491 1713 1534 videtur

176 1571 280 1612 esse,
310 1559 407 1612 quin
439 1572 521 1601 exc.
545 1559 588 1600 P.
619 1562 672 1600 90
702 1559 750 1604 (e.
781 1558 871 1611 25),
918 1558 1025 1610 quod
1053 1557 1230 1599 editores
1257 1559 1715 1610 proximeanteeedere

175 1631 408 1682 iusserunt,
459 1630 535 1671 1100
563 1642 638 1671 suo
673 1629 761 1671 1000
791 1629 969 1682 positum
1002 1629 1079 1681 sit3
1116 1641 1210 1669 nam
1243 1629 1337 1670 inde
1380 1630 1488 1682 quod
1519 1631 1661 1685 incipit
1690 1646 1715 1675 a

176 1701 312 1743 verbis
341 1698 407 1742 ὅτι
434 1703 654 1753 Προυσίας
680 1700 793 1752 μετά
830 1700 881 1741 τό
908 1702 1031 1740 νικᾶν
1057 1700 1135 1740 τόν
1154 1698 1361 1741 ’Ἄτταλον
1388 1700 1503 1752 μετά
1528 1701 1581 1742 τό
1608 1719 1716 1757 παρ-

176 1772 327 1814 ελθεῖν
354 1771 462 1825 πρὸς
491 1771 541 1812 τὸ
576 1775 826 1824 Πέργαμον,
874 1774 1019 1813 contra
1048 1771 1099 1812 A.
1131 1773 1207 1812 128
1246 1771 1296 1821 (c.
1337 1771 1406 1823 26)
1437 1769 1717 1823 ὕπ”Ατταλος

174 1842 380 1898 ἡττηθεὶς
399 1841 520 1894 napo}
540 1844 771 1894 Προυσίου,
801 1841 897 1893 quia
923 1853 948 1881 a
967 1840 1140 1882 diversis
1160 1841 1465 1893 excerptoribus
1485 1847 1716 1897 composita

177 1917 288 1966 sunt,
317 1910 418 1953 nihil
439 1912 549 1965 quod
577 1911 685 1953 obsit
705 1911 855 1952 evadit.
914 1910 1105 1952 Ceterum
1125 1914 1275 1963 postea
1302 1911 1354 1952 de
1376 1911 1454 1954 hac
1481 1923 1527 1952 re
1554 1911 1715 1953 dicendi

176 1983 288 2025 locus
318 1982 410 2024 erit.

286 2052 402 2104 Quod
431 2052 483 2093 ad
510 2055 671 2094 ceteras
700 2052 796 2093 libri
823 2051 1006 2093 XXXIII
1031 2051 1223 2104 reliquias
1251 2052 1424 2105 attinet,
1474 2052 1610 2094 missis
1642 2052 1717 2094 ali-

178 2137 298 2168 arum
331 2123 580 2166 familiarum
608 2122 865 2176 fragmentis,
895 2122 945 2165 de
976 2123 1194 2177 excerptiS,
1223 2136 1329 2177 quae
1359 2123 1408 2165 de
1442 2122 1716 2176 legationibus

98 2239 106 2241 ,
179 2196 383 2247 dicuntur,
408 2194 574 2247 reliquis
604 2194 834 2246 videamus,
876 2206 982 2247 quae
1012 2198 1186 2247 apparet
1212 2194 1376 2247 vulgari
1404 2194 1547 2236 ordine
1576 2207 1717 2247 proee-

177 2266 275 2309 dere
303 2278 384 2308 non
405 2276 536 2318 posse.
587 2264 675 2306 Hoc
704 2269 752 2306 ut
779 2265 1048 2318 comprobem,
1076 2265 1236 2306 initium
1258 2263 1403 2306 faciam
1433 2276 1459 2305 a
1480 2264 1714 2317 fragmento

176 2337 386 2381 Ursiniani
416 2336 569 2377 ordinis
588 2338 674 2387 131,
705 2336 813 2388 quod
842 2337 967 2388 capiti
996 2340 1145 2387 quarto
1174 2335 1351 2377 editores
1374 2335 1621 2387 tribuerunt,
1647 2335 1716 2377 ubi

177 2421 313 2451 sermo
338 2411 403 2450 est
422 2407 472 2449 de
486 2406 800 2449 Massiliensium
824 2419 849 2448 a
868 2406 1093 2459 Liguribus
1113 2409 1348 2449 vexatorum
1375 2405 1525 2459 legatis
1540 2406 1715 2448 Romam

177 2479 325 2521 missis.
389 2478 586 2531 Sequitur
622 2477 662 2518 111
703 2476 817 2518 editt.
857 2488 941 2518 exo.
980 2478 1027 2518 A.
1068 2480 1166 2529 132,
1201 2477 1399 2529 incipiens
1430 2488 1457 2518 a
1494 2477 1631 2519 verbis
1652 2475 1718 2518 ὅτι

269 2658 331 2703 20)
356 2656 468 2693 Acad.
493 2657 555 2699 IV,
578 2659 610 2691 4.
637 2656 748 2707 ..5A.
769 2656 938 2692 Albinum
964 2656 1024 2700 qui
1049 2656 1088 2691 P.
1108 2655 1277 2700 Scipione
1302 2660 1338 2690 et
1362 2655 1411 2691 M.
1425 2655 1599 2692 Tilarcello
1624 2666 1715 2690 coss.

179 2719 325 2758 praetor
348 2718 453 2750 esset.
683 2721 685 2723 ’

271 2772 334 2813 21)
351 2771 524 2808 ”Amalec
549 2771 756 2806 ἐξαπέστειλε
784 2771 867 2804 und
895 2769 959 2803 usn
986 2771 1062 2815 περὶ
1086 2770 1142 2802 τὸν
1165 2769 1329 2804 Πόπλιον.

1457 2839 1476 2870 2
