1898 3104
939 147 986 185 17

194 278 408 321 Aemilium
450 280 556 322 enim
592 291 629 320 a.
658 281 735 320 160
771 279 873 321 vivis
911 279 1134 322 excessisse
1169 279 1267 321 inde
1303 282 1488 333 constat,
1535 278 1645 332 quod
1680 291 1730 322 eo

193 360 302 390 anno
328 349 414 392 ludi
441 349 635 391 funebres
663 348 701 390 ei
729 349 812 391 acti
836 353 946 391 sunt.
1020 349 1212 392 Ceterum
1241 350 1329 391 sine
1358 350 1484 391 dubio
1510 349 1731 391 inserenda.

194 423 293 462 sunt
309 420 456 472 capitis
473 422 518 461 ll
552 419 812 472 paragrapho
832 420 1000 473 quintae
1015 419 1249 469 fragmenta
1279 420 1350 462 illa
1363 419 1567 474 (Ath.VI.
1584 420 1665 463 274
1680 420 1727 463 F.

193 492 236 532 et
260 501 345 532 exc.
375 489 422 531 V.
455 490 578 543 142),
608 501 715 543 quae
741 490 781 531 in
810 489 1060 543 editionibus
1088 490 1157 531 lib.
1186 489 1326 532 XXXI
1355 490 1492 543 capite
1520 492 1574 532 24
1598 490 1728 533 conti·

193 564 354 602 nentur.
413 559 538 601 Cuius
559 560 835 603 collocationis
862 564 1008 602 auctor
1028 560 1416 612 Schweighauserus
1445 560 1620 602 illustris
1649 564 1727 613 est,

192 630 260 684 qui
287 630 418 672 locum
447 628 647 672 Athenaei
670 653 724 660 -—
744 630 946 672 Vaticana
977 630 1153 672 nondum
1183 631 1225 672 in
1254 630 1385 673 lucem
1412 630 1654 684 prodierant
1672 654 1727 661 -

190 701 365 754 primum
404 701 568 754 quidem
607 701 659 743 ad
697 713 850 742 annum
884 704 983 753 161,
1021 713 1101 753 quo
1138 701 1204 743 lex
1240 702 1400 743 Fannia
1434 701 1727 754 opprimendae

191 772 379 814 luxuriae
403 772 540 825 gratia
579 772 679 813 data
718 774 804 824 est,
843 770 996 812 referre
1031 770 1182 824 voluit,
1228 771 1377 813 deinde
1405 784 1497 814 cum
1525 771 1728 814 Athenaei

191 842 317 884 verba
343 843 390 883 ἐν
418 844 472 896 τῇ
497 842 647 897 πρώτῃ
674 842 746 882 καὶ
773 845 1005 896 τριακοστῇ
1025 843 1111 881 τῶν
1132 841 1328 895 ἱστοριῶν
1355 854 1456 884 suae
1476 842 1730 895 fragmento-

190 926 282 956 rum
313 913 354 955 in
385 912 509 955 libros
536 912 799 965 dispositioni
827 924 910 955 non
939 912 1248 967 responderent,
1279 913 1333 955 ad
1362 925 1399 955 a.
1433 915 1506 954 162
1536 913 1723 966 coniecit,

190 995 282 1025 cum
312 984 477 1034 diceret,
506 983 587 1024 illis
604 982 772 1024 Catonis
802 983 1090 1036 querimoniis,
1129 982 1180 1024 de
1213 983 1363 1035 quibus
1400 983 1455 1024 ibi
1483 995 1618 1025 sermo
1645 988 1722 1035 est,

190 1054 323 1106 legem
344 1054 540 1095 Fanniam
562 1059 828 1105 provocatam
846 1064 938 1094 esse
954 1056 966 1078 ¹
980 1054 1029 1105 ⁶).
1087 1052 1168 1094 Sed
1186 1054 1315 1095 omnis
1338 1053 1542 1095 dubitatio
1563 1053 1726 1095 tollitur

189 1127 378 1178 respecto
408 1134 493 1166 exc.
514 1122 731 1176 Vaticano,
763 1123 875 1165 unde
901 1117 1073 1166 dilucide
1101 1127 1287 1177 apparet,
1315 1127 1359 1165 et
1386 1124 1518 1178 ipsum
1536 1129 1580 1165 et
1598 1124 1725 1166 istum

188 1194 395 1236 Athenaei
419 1194 552 1236 locum
581 1194 632 1236 ad
653 1195 1037 1236 commentationem
1062 1195 1175 1236 illam
1199 1195 1250 1236 de
1268 1195 1477 1237 Romanae
1494 1195 1724 1237 iuventutis

188 1265 371 1308 moribus
396 1264 546 1308 factam
573 1266 781 1318 pertinere
803 1268 847 1307 et
868 1265 999 1318 ipsam
1028 1265 1229 1318 lacunam,
1258 1277 1362 1319 quae
1389 1266 1445 1308 ibi
1474 1269 1623 1318 exstat,
1650 1277 1721 1308 ex-

190 1336 314 1389 plere.
370 1336 550 1377 Primum
580 1337 622 1376 in
653 1347 736 1377 exc.
767 1335 872 1377 Peir.
903 1337 1015 1377 inter
1044 1336 1170 1377 verba
1198 1335 1416 1388 εὐχέρειαν
1443 1341 1486 1378 et
1513 1337 1585 1377 καὶ
1613 1336 1724 1390 τηλι-

189 1405 325 1462 καύτη
358 1406 596 1449 exciderunt
633 1417 699 1447 vv.
728 1406 918 1449 Vaticani
947 1418 1032 1449 exe.
1066 1407 1138 1448 καὶ
1174 1405 1364 1461 τοσαύτη
1398 1422 1461 1455 τις
1495 1406 1723 1460 α’κολασία,

189 1488 284 1519 nam
315 1474 379 1518 ὅτι
406 1477 447 1518 in
470 1476 541 1517 καὶ
567 1476 810 1518 mutandum
833 1488 923 1518 esse
944 1476 1065 1519 facile
1080 1480 1209 1529 patet.
1267 1477 1491 1530 Sequentia
1517 1488 1603 1520 exc.
1626 1476 1722 1519 Vat.

187 1549 314 1591 verba
354 1547 501 1589 mutila
537 1559 649 1600 esse,
696 1551 865 1600 praeter
907 1551 1186 1600 comparatum
1223 1547 1267 1590 P.
1299 1551 1350 1589 85
1393 1547 1540 1601 duplex
1578 1547 1721 1590 hiatus

188 1619 319 1662 docet.
375 1618 597 1661 Inserenda
637 1622 774 1661 autem
815 1621 912 1661 sunt
950 1618 1060 1660 inter
1098 1618 1326 1673 τηλικαύτη
1359 1621 1403 1661 et
1430 1617 1721 1660 ἐνεπεπτώκει

187 1703 225 1733 V.
253 1693 336 1743 τίς,
364 1690 473 1731 inter
502 1687 793 1730 ἐνεπεπτώκει
821 1693 864 1731 et
893 1687 1206 1730 ἐκτοπωτάτων
1232 1702 1296 1730 vv.
1315 1689 1415 1743 περὶ
1443 1689 1500 1730 τοὶ
1528 1691 1724 1732 τοσαῦτα

186 1763 273 1801 τῶν
299 1761 408 1802 inter
435 1762 565 1813 ἔργων
594 1763 637 1801 et
664 1763 752 1809 τοῖς
779 1759 1022 1813 subiectum,
1051 1760 1159 1812 quod
1189 1764 1254 1802 est
1272 1760 1474 1813 οἷκρασία.
1517 1760 1605 1802 Iam
1627 1772 1723 1813 pro-

188 1831 342 1874 cedunt
381 1831 505 1873 verba
543 1835 716 1883 utroque
753 1830 801 1872 fr.
840 1832 1008 1873 servata
1042 1828 1155 1872 ὥστε
1183 1831 1366 1878 πολλοὺς
1391 1833 1472 1884 μὲν
1507 1829 1721 1884 ἐρώμενοι·

185 1900 435 1957 η’γορακεναι
460 1900 690 1942 ταλάντου.
745 1900 852 1950 Quid
881 1900 1127 1952 respondeat
1146 1900 1205 1941 illi
1224 1905 1304 1953 μέν
1324 1900 1416 1942 Vat.
1437 1900 1566 1942 docet.
1606 1901 1720 1952 Quae

186 1976 403 2026 praeterea
422 1970 533 2024 apud
552 1970 809 2013 Athenaeum
833 1973 999 2013 exstant
1015 1970 1139 2012 verba
1160 1970 1231 2011 καὶ
1258 1969 1457 2025 μειράκια
1482 1967 1722 2026 δἐὕμορφα

186 2041 537 2096 ὑπερβαλλούσης
563 2041 704 2094 α’γρῶν
729 2044 870 2095 τιμῆς,
901 2053 951 2082 ea
979 2040 1193 2083 Athenaeo
1223 2041 1374 2094 deberi,
1404 2055 1484 2083 non
1514 2046 1578 2084 est
1606 2042 1719 2096 quod

187 2124 386 2154 moneam.
446 2111 718 2163 Subsequitur
746 2111 879 2153 altera
908 2123 991 2153 exc.
1021 2111 1115 2153 Vat.
1146 2112 1371 2164 sententia,
1412 2112 1481 2153 ubi
1511 2113 1552 2154 in
1584 2112 1721 2155 verbis

186 2183 255 2238 ἐφ’
285 2176 347 2231 οἷς
373 2182 444 2223 καὶ
474 2179 654 2236 Μάρκος
690 2176 790 2223 εἶπε
826 2186 1001 2236 apparet
1053 2182 1221 2225 verbum
1261 2182 1495 2235 evanuisse,
1549 2195 1600 2225 ex
1640 2195 1721 2236 quo

185 2254 366 2308 pendeat
395 2253 462 2307 ἐφ’
491 2245 573 2305 οἷς,
610 2253 680 2294 sed
709 2254 964 2305 coniectura,
992 2265 1115 2307 quam
1142 2254 1240 2296 fecit
1269 2253 1469 2307 Heysius,
1506 2266 1590 2295 non
1615 2265 1720 2307 opus

185 2329 261 2376 est,
284 2325 379 2377 quia
397 2336 446 2365 ex
464 2324 672 2365 Athenaeo
695 2324 813 2365 facile
829 2324 999 2366 additur
1020 2325 1325 2377 δυσχεραίνων.
1355 2324 1537 2366 Verbum
1557 2324 1721 2366 finitum

187 2395 314 2447 enim,
353 2394 462 2447 quod
490 2399 638 2436 vocant
675 2395 953 2447 grammatici,
982 2395 1048 2436 vix
1087 2394 1220 2436 locum
1248 2394 1397 2448 habet,
1443 2395 1540 2448 quia
1581 2394 1718 2436 hiatus

184 2465 380 2508 evaderet
403 2469 620 2518 praeterea
650 2477 750 2507 sane
778 2469 873 2518 post
900 2465 971 2506 καὶ
993 2464 1182 2508 ferendus
1211 2466 1284 2508 sed
1306 2466 1579 2520 subsequente
1602 2464 1719 2519 diph-

276 2643 335 2685 16)
361 2643 556 2689 Schweigh.
583 2644 638 2679 ed.
655 2644 732 2697 Rol.
753 2645 835 2679 Vlu
860 2655 895 2689 p.
912 2645 968 2680 33.
1015 2644 1103 2679 Eam
1122 2644 1336 2680 sententiam
1361 2648 1457 2680 certe
1475 2654 1546 2679 non
1565 2643 1718 2689 tulisset,

184 2699 216 2734 si
239 2705 326 2736 nota
357 2701 411 2736 illi
445 2701 598 2737 fuissent
628 2711 703 2737 exc.
738 2701 903 2737 Vaticani
933 2700 1043 2737 verba
1076 2702 1215 2749 Μάρκος
1313 2696 1387 2735 εἶπε
1418 2713 1513 2735 ποτε
1545 2703 1628 2746 πρὸς
1659 2701 1718 2734 τὸν

184 2756 304 2801 δῆμον.
