1898 3104
907 172 960 211 ‘27

169 309 235 350 est
271 306 323 349 ad
359 305 503 350 ultima
532 306 728 350 Demetrii
773 310 960 360 tempora
990 305 1209 361 pertinere.
1267 305 1386 358 Quod
1426 305 1461 348 si
1490 305 1702 358 statuitur,

169 377 445 430 fragmentum
478 377 733 421 referendum
763 382 828 420 est
855 378 908 420 ad
938 390 976 419 a.
997 380 1086 430 152,
1114 390 1196 431 quo
1225 377 1394 419 ineunte
1422 376 1702 419 Alexandrum

166 447 311 490 Balam
358 448 509 491 bellum
556 451 702 490 contra
734 448 989 489 Demetrium
1034 459 1205 500 parasse
1263 459 1297 489 c.
1337 450 1386 489 16
1424 447 1555 489 docet.
1636 447 1701 489 Ad

165 519 372 571 posterius
420 523 579 571 tempus
622 518 689 560 vix
741 518 887 559 coniici
925 520 1088 570 potest,
1135 518 1232 570 quia
1272 531 1320 559 ex
1361 517 1468 559 libro
1506 517 1699 560 XXXIII.

165 589 342 641 petitum
370 593 446 642 est,
467 601 540 631 nec
570 588 710 630 licebit
736 591 922 630 statuere
950 587 1160 641 Polybium
1182 587 1259 630 hoc
1285 587 1388 630 libro
1410 588 1523 630 ultra
1550 588 1699 641 olymp.

169 661 245 700 156
283 659 541 711 processisse.
599 658 754 709 Quibus
773 646 775 648 ¹
793 658 845 700 de
895 658 1030 700 causis
1068 657 1191 699 simul
1219 662 1403 712 apparet,
1443 658 1699 701 Demetrium

166 729 256 782 ipso
287 741 393 771 anno
427 732 502 772 152
533 742 660 783 regno
687 728 848 783 pulsum
879 732 922 770 et
946 727 1209 770 interfectum
1238 740 1341 770 esse.

274 800 373 843 Exc.
403 801 450 843 V.
485 804 560 842 149
584 803 641 852 (c.
676 804 724 841 15
741 804 785 850 a)
815 799 868 841 ad
902 812 1022 852 quem
1040 811 1190 841 annum
1219 799 1438 852 pertineat,
1456 803 1503 842 ut
1530 799 1700 842 demon-

165 873 335 923 stretur,
366 871 563 912 nonnulla
582 870 753 912 Diodori
782 870 1015 922 fragmenta
1042 870 1320 922 comparanda
1346 874 1456 912 sunt.
1519 870 1700 912 Primum

164 940 255 983 libr.
293 941 432 983 XXXI
477 953 564 993 cap.
606 943 656 982 39
706 939 759 981 ad
805 951 842 981 a.
883 943 961 982 154
1007 944 1171 993 spectat
1209 940 1330 993 (App.
1360 940 1422 983 Ib.
1463 942 1562 993 44),
1608 953 1700 983 cum

165 1011 333 1054 Fulvius
362 1011 571 1064 Nobilior,
601 1011 671 1064 qui
699 1011 856 1063 primus
892 1014 1037 1053 contra
1065 1010 1293 1053 Celtiberos
1319 1011 1542 1053 exercitum
1570 1010 1699 1064 duxit,

165 1082 244 1125 iam
265 1094 403 1125 mense
413 1082 600 1135 Augusto
617 1082 716 1124 anni
731 1085 830 1124 153²
841 1084 895 1136 ⁹),
907 1085 994 1135 aut,
1013 1082 1046 1124 si
1056 1085 1241 1124 nostram
1262 1082 1464 1124 rationem
1476 1082 1699 1135 sequimur,

166 1153 279 1195 Maio
315 1154 378 1195 vel
417 1154 535 1195 Iunio
579 1154 696 1195 clade
724 1152 897 1195 affectus
922 1154 988 1195 sit.
1045 1154 1134 1204 Qua
1164 1153 1214 1194 de
1250 1166 1374 1195 causa
1404 1166 1488 1195 exc.
1517 1153 1699 1196 eiusdem

164 1223 344 1266 familiae
371 1224 555 1276 proxime
589 1224 841 1266 antecedens
883 1223 935 1274 (c.
981 1222 1054 1277 38)
1102 1235 1192 1265 cum
1236 1224 1290 1266 ad
1319 1223 1500 1266 Rhodios
1526 1227 1698 1277 spectet,

165 1307 216 1336 ex
256 1296 353 1336 anni
394 1298 468 1336 155
505 1294 568 1336 vel
610 1295 760 1347 prioris
798 1294 897 1336 anni
933 1294 1105 1337 historia
1142 1298 1349 1348 sumptum
1390 1306 1480 1337 esse
1516 1294 1695 1348 putabis.

164 1364 244 1409 Sed
272 1364 365 1409 inde
392 1365 500 1420 quod
531 1376 597 1408 res
625 1364 722 1408 anni
755 1368 832 1408 154
861 1368 1107 1419 narrantur,
1133 1377 1230 1418 ¹non
1276 1365 1465 1419 sequitur
1506 1377 1557 1407 ex
1586 1365 1697 1409 illius

163 1438 258 1478 anni
285 1437 460 1478 historia
479 1449 564 1479 exc.
595 1437 782 1490 fluxisse,
812 1438 935 1478 immo
964 1437 1116 1478 collata
1143 1437 1305 1489 Polybii
1335 1437 1429 1478 belli
1461 1437 1696 1480 Celtiberici

165 1508 442 1562 descriptione
479 1507 707 1561 statuerim,
735 1507 964 1550 Diodorum
993 1519 1055 1560 ea,
1084 1519 1190 1561 quae
1219 1507 1336 1549 annis
1367 1510 1445 1550 154
1473 1511 1516 1550 et
1547 1511 1622 1550 153
1651 1509 1695 1551 in

161 1579 362 1632 Hispania
391 1579 651 1631 acciderunt,
691 1579 1058 1631 comprehendisse.
1123 1579 1348 1620 Posteriori
1378 1580 1483 1620 enim
1519 1581 1695 1632 tempori

163 1651 444 1702 fragmentum
480 1650 546 1691 vix
587 1650 677 1692 dari
716 1650 870 1703 poterit
905 1653 1078 1703 propter
1118 1661 1295 1703 sequens
1335 1661 1418 1693 exc.
1459 1662 1509 1692 ex
1550 1650 1695 1693 eadem

159 1719 317 1762 familia
338 1724 557 1773 sumptum,
586 1720 636 1761 de
662 1732 740 1773 qua
756 1720 899 1761 statim
919 1720 1139 1761 videndum
1159 1723 1250 1762 erit.
1305 1721 1452 1773 ltaque
1471 1722 1693 1774 quominus

160 1803 216 1833 cc.
246 1794 296 1832 37
327 1791 436 1845 (Pol.
465 1791 657 1833 XXXIII.
690 1790 732 1843 9)
760 1794 803 1832 et
831 1793 882 1832 38
912 1802 1021 1832 anno
1054 1794 1131 1832 154
1160 1790 1391 1833 tribuamus
1416 1791 1514 1833 nihil
1544 1791 1695 1834 obstat.

159 1861 225 1904 Ad
253 1874 289 1904 a.
323 1865 399 1904 153
428 1862 491 1905 vel
525 1865 613 1915 152,
642 1865 752 1904 certe
780 1874 861 1903 non
889 1861 943 1904 ad
965 1861 1138 1904 eundem
1178 1865 1303 1916 atque
1332 1861 1403 1904 illa
1431 1861 1501 1904 frr.
1541 1874 1694 1905 annum

160 1946 193 1974 c.
222 1937 275 1974 43
306 1937 476 1985 spectat.
533 1933 731 1985 Equidem
770 1933 849 1975 hoc
882 1921 1158 1985 fragmentum
1186 1938 1248 1986 et,
1288 1934 1397 1986 quod
1437 1934 1544 1976 idem
1570 1935 1695 1988 valet,

159 2003 320 2057 Polybii
350 2004 399 2047 V.
431 2007 507 2046 149
536 2004 586 2056 (c.
620 2007 668 2046 15
698 2004 747 2056 a)
783 2003 838 2046 ad
867 2015 903 2046 a.
936 2006 1012 2046 153
1041 2004 1274 2057 retulerim,
1324 2016 1404 2058 quo
1431 2016 1539 2047 anno
1567 2004 1696 2058 legati

159 2074 332 2117 Romani
359 2074 472 2116 missi
502 2074 607 2126 sint,
653 2087 678 2115 a
709 2075 856 2127 quibus
892 2075 966 2116 tibi
995 2075 1115 2116 facile
1140 2076 1407 2127 persuadebis
1435 2076 1542 2117 bello
1570 2077 1694 2119 finem

159 2146 393 2199 impositum
420 2157 520 2187 esse.
579 2145 771 2187 Ceterum
801 2148 849 2187 ut
877 2146 1159 2198 quaestionem
1192 2145 1243 2188 de
1279 2145 1386 2188 bello
1416 2147 1592 2199 piratico
1620 2147 1694 2189 ab·

158 2216 325 2270 solvam,
354 2215 473 2258 Diod.
496 2228 528 2257 e.
541 2219 594 2258 44
617 2215 801 2269 profecto
823 2220 938 2259 arcte
960 2229 1050 2259 cum
1073 2217 1344 2259 antecedente
1365 2217 1693 2270 coniungendam

158 2291 235 2331 est.
265 2287 461 2331 Ultimum
478 2287 571 2330 libri
590 2287 730 2330 XXXI
746 2300 846 2341 cap,
864 2288 974 2342 quod
991 2287 1268 2342 fragmentum
1289 2300 1478 2332 mancum
1496 2289 1691 2342 continet,

156 2362 253 2413 post
286 2371 324 2402 a.
369 2361 445 2401 156
487 2357 540 2414 (c.
591 2359 660 2413 35)
711 2358 989 2402 collocandum
1036 2363 1111 2403 est.
1177 2360 1327 2413 Agitur
1373 2360 1429 2402 ibi
1468 2360 1518 2402 de
1557 2360 1692 2403 insula

157 2430 313 2483 Siphno
341 2444 366 2473 a
389 2430 652 2472 Cretensibus
681 2429 817 2472 subito
837 2443 1036 2484 oppressa
1066 2436 1109 2474 et
1139 2431 1288 2473 diruta.
1346 2430 1567 2474 Cretenses
1596 2444 1691 2474 vero

157 2501 326 2543 sceleris
354 2512 508 2554 poenas
542 2512 637 2542 mox
674 2499 848 2554 dedisse,
879 2513 973 2543 nam
1013 2501 1065 2543 ab
1104 2501 1296 2544 hostibus
1335 2501 1608 2555 deprehensos
1637 2502 1691 2555 (P)

156 2583 246 2614 cuin
275 2571 348 2612 διιὲ
377 2572 427 2612 τό
456 2571 643 2612 δεδιέναι.
670 2571 726 2611 τοὶ
755 2575 920 2625 μεγέθη
957 2574 1043 2614 τῶν
1068 2575 1248 2627 σκαφῶν
1272 2576 1397 2615 noctu
1423 2573 1690 2626 aufugissent,

155 2645 406 2694 tempestate
455 2646 548 2684 orta
595 2642 811 2684 interiisse.
890 2642 1008 2685 Unde
1047 2647 1223 2697 apparet
1270 2643 1347 2685 hoc
1393 2642 1545 2685 factum
1588 2655 1690 2696 esse,

245 2739 304 2782 29)
338 2739 434 2784 App.
481 2740 532 2775 lb.
567 2740 634 2776 45..
663 2742 812 2783 ἐγίγνετο
852 2741 888 2774 δὲ
922 2741 1025 2775 ταῦθ’
1064 2741 1118 2775 ὅτε
1149 2741 1313 2781 “Ρωμαῖοι
1347 2742 1393 2786 τῷ
1421 2742 1591 2786 Ἡφαίστῳ
1624 2740 1690 2785 τῆν

154 2796 273 2843 ἑορτήν
296 2797 433 2839 ἄγουσιν
454 2798 498 2831 cl.
520 2797 607 2832 Fast
631 2796 731 2833 Maff.
756 2796 810 2840 (C.
834 2798 858 2833 1.
872 2798 914 2832 L.
939 2799 963 2834 1.
988 2809 1023 2842 p.
1041 2799 1125 2842 306)
1148 2798 1194 2833 ad
1217 2809 1250 2834 a.
1277 2798 1309 2834 d.
1337 2811 1367 2834 x.
1392 2799 1463 2833 kal.
1489 2798 1690 2841 septembr.
